% This file was created with JabRef 2.8.1.
% Encoding: UTF8

@INBOOK{ArlBriVol2004a,
  author = {Arlt and Brinkel and Volkmann},
  title = {'BSD' - und 'Mozilla'-artige Lizenzen},
  pages = {317-372},
  year = {2004},
  shorttitle = {'BSD' - und 'Mozilla'-artige Lizenzen, 2004},
  annote = {Dies Kapitel beschreibt den juristischen Gedankengang der BSD Lizenz
	und der Mozilla-Lizenzen, wobei letztere als Copyleft-Lizenzen mit
	anderem Ansatz als die GPL dargestellt werden.},
  crossref = {Spindler2004a},
  language = {german},
  note = {Print},
  owner = {reincke},
  timestamp = {2011.10.11}
}

@INPROCEEDINGS{Behlendorf2009a,
  author = {Brian Behlendorf},
  title = {How Open Source Can Still Save the World},
  year = {2009},
  pages = {2},
  shorttitle = {How Open Source Can Still Save the World, 2009},
  titleaddon = {Konferenzbeitrag},
  annote = {Keynote. Behauptet, dass Open Source mit ihrer Art der Kooperation
	insbesondere auch eine Kooperation bei der Krisenbewältigung unterstütze.},
  crossref = {BolCroLunWas2009a},
  language = {english},
  note = {BibWeb/PDF},
  owner = {reincke},
  timestamp = {2011.08.02}
}

@INPROCEEDINGS{BreGlaGra2008a,
  author = {Ulrich Bretschneider and Rainer Glaschick and Gernot Gräfe},
  title = {Ratgeber für die Veröffentlichung von Open-Source-Software durch
	eine Hochschule},
  year = {2008},
  pages = {167-188},
  shorttitle = {Ratgeber für die Veröffentlichung von Open-Source-Software durch eine
	Hochschule, 2008a},
  annote = {Stellt wesentliche Aspekte einer Open Source Veröffentlichung gründlich,
	knapp und übersichtlich dar: das nicht übertragbare Urheberrecht
	wird gegen das transferierbare Verwertungs- und Nutzungsrecht ebenso
	abgegrenzt, wie Haftungsfragen diskutiert und die Wahl der Lizenz
	auf den intendierten Zweck hin beleuchtet werden. Trotzdem kann (und
	will) der Artikel kein allgemeines 'Open Source Compendium' sein:
	der Frage, ob und wann eine universitäre Entwicklung gezwungenermaßen
	veröffentlicht werden muss und was Universitäten ansonsten tun müssen,
	wenn sie OS Software intern nutzen und weitergeben, wird nicht beleuchtet.},
  crossref = {AscBauMitSee2008a},
  language = {german},
  note = {Print},
  owner = {reincke},
  timestamp = {2011.09.01}
}

@INPROCEEDINGS{ChrSau2008a,
  author = {Fabian Christ and Stefan Sauer},
  title = {OSS - Open-Source-Stacks},
  year = {2008},
  pages = {133-154},
  shorttitle = {OSS - Open-Source-Stacks, 2008},
  annote = {OSS ist eine beliebte Abkürzung: sie steht nicht nur für 'Open Source
	Software' , sondern auch für 'Open Source Stacks' oder gar für 'Operation
	Support Systems'.},
  crossref = {AscBauMitSee2008a},
  language = {german},
  note = {Print},
  owner = {reincke},
  timestamp = {2011.09.01}
}

@INPROCEEDINGS{DroKrePol2006b,
  author = {Olga Drossou and Stefan Krempl and Andreas Poltermann},
  title = {Der Kampf um die Innovationsfreiheit: Der Big Bang des Wissens und
	seine Sprengkraft. Plädoyer für einen offenen Umgang mit Wissen im
	Interesse der Innovationskraft von Wirtschaft und Gesellschaft},
  year = {2006},
  pages = {1-10},
  shorttitle = {Der Kampf um die Innovationsfreiheit, 2006},
  titleaddon = {Editorial},
  annote = {Konstatiert, dass 'kollaborativ gefördertes Wissen frei bleiben müsse,
	wenn es als Anreiz für weitere Wissensvermehrung dienen solle'. Als
	Initialbeispiel dient der Open Source Entwicklungsprozess, der schon
	auf eine veränderte Erstellung von Dokumenten (GNU Free Documentation
	License und die Creative Commons-Initiative) u.Ä.m. hingewirkt hat.
	Patente stünden dem entgegen. Aber - so die Behauptung - Innovation
	brauche 'ein freies Spiel der Kräfte und einen möglichst breiten
	Wissenschaftsaustausch'.},
  crossref = {DroKrePol2006a},
  language = {german},
  note = {Print},
  owner = {reincke},
  timestamp = {2011.08.10}
}

@INPROCEEDINGS{Euler2006a,
  author = {Ellen Euler},
  title = {Creative Commons: Mehr Innovation durch die Öffnung des Urheberechts?},
  year = {2006},
  pages = {147-158},
  shorttitle = {Creative Commons: Mehr Innovation durch die Öffnung des Urheberechts?,
	2006},
  annote = {Stellt zunächst klar, dass das Urheberrecht das Trittbrettfahrerproblem
	lösen und so das Interesse der Allgemeinheit an neuen Ideen schützen
	solle. Das Recht des Urhebers, Vervielfältigungen erlauben oder unterbinden
	zu können, fungiere als Anreiz. Begrenzt werde dieses private Recht
	durch das berechtigte Interesse dritter. Darauf stütze sich die Zitaterlaubnis
	und die Privatkopie. Im digitalen Zeitalter würden mittels DRM etc.
	bisher urheberechtsfreie Nutzungen unterbunden und das Urheberecht
	unterlaufen, allerdings nicht zum Schutze der Urheber, sondern zum
	Schutz der Verwerter. Creative Commons bietet dem Urheber die Möglichkeit,
	graduelle Freiheiten verlässlich zu gewähren.},
  crossref = {DroKrePol2006a},
  language = {german},
  note = {Print},
  owner = {reincke},
  timestamp = {2011.08.10}
}

@INPROCEEDINGS{Geese2006a,
  author = {Elmar Geese},
  title = {Innovation und freie Software},
  year = {2006},
  pages = {77-84},
  shorttitle = {Innovation und freie Software, 2006},
  annote = {Konstatiert, dass wir in einer Zeit der Wissensmonopolisierung leben,
	die über Patente, DRM und Gesetze etabliert werde. Mit der Pflege
	dieser Wissensprivatisierung stelle sich die Politik ihrem eigenen
	Ziel entgegen, Innovation zu fördern. Positive Gegenbeispiele für
	eine andere Kultur seien die Pflege von Staroffice/OpenOffice und
	die der Mozilla-Produkte.},
  crossref = {DroKrePol2006a},
  language = {german},
  note = {Print},
  owner = {reincke},
  timestamp = {2011.08.10}
}

@INPROCEEDINGS{GilVol2008a,
  author = {Bernard Michael Gilroy and Tobias Volpert},
  title = {Die Funktionen eines Patentsystems und ihre Bedeutung für Unternehmensausgründungen
	aus Hochschulen},
  year = {2008},
  pages = {21-39},
  shorttitle = {Die Funktionen eines Patentsystems und ihre Bedeutung für Unternehmensausgründungen
	aus Hochschulen, 2008},
  annote = {Skizziert die beiden gesellschaftlichen Funktionen eines Patentsystems,
	nämlich die, per befristetem Nutzungsmonopol Innovationsanreize zu
	schaffen, und die, per Offenlegung neue Informationen zu distribuieren.
	Zielt letztlich darauf, dass auch die Offenlegung von Informationen
	wenigstens mittelbar Innovation befördert, weil diese als Basis für
	einen aufbauenden Fortschritt essentiell sei.},
  crossref = {AscBauMitSee2008a},
  language = {german},
  note = {Print},
  owner = {reincke},
  timestamp = {2011.08.29}
}

@INPROCEEDINGS{Graefe2008a,
  author = {Gernot Gräfe},
  title = {Open-Source-Software und Open-Source-Portale - Potentiale für die
	Softwareentwicklung in Hochschulen und den Ergebnistransfer in die
	Praxis},
  year = {2008},
  pages = {55-72},
  shorttitle = {Open-Source-Software und Open-Source-Portale - Potentiale für die
	Softwareentwicklung in Hochschulen und den Ergebnistransfer in die
	Praxis, 2008},
  annote = {Der Artikel skizziert kurz Chancen von hochschuleigenen Open-Source-Software-Portalen
	und meint u.a., dass solche die Softwareentwicklung und die Wiederverwendung
	der Ergebnisse unterstützen und dass Resultate - verbunden mit einem
	Imagegewinn - darüber besser in die Praxis übertragen werden.},
  crossref = {AscBauMitSee2008a},
  language = {german},
  note = {Print},
  owner = {reincke},
  timestamp = {2011.08.29}
}

@INPROCEEDINGS{JanDanWos2006a,
  author = {Kurt Jansson and Patrick Danowski and Jakob Voss},
  title = {Wikipedia: Kreative Anarchie für den freien Informations- und Wissensaustausch},
  year = {2006},
  pages = {159-167},
  shorttitle = {Wikipedia: Kreative Anarchie für den freien Informations- und Wissensaustausch,
	2006},
  annote = {Beschreibt sehr gedrängt das Wesen von 'Wikipedia', seine Verbindung
	zu den Enzyklopädisten um Diderot und die Ähnlichkeit seines Entwicklungsprozesses
	mit dem von Open Source.},
  crossref = {DroKrePol2006a},
  language = {german},
  note = {Print},
  owner = {reincke},
  timestamp = {2011.08.12}
}

@INPROCEEDINGS{Kreutzer2008a,
  author = {Till Kreutzer},
  title = {Software und Spiele kopieren[:] Das Lizenzmodell entscheidet},
  year = {2008},
  pages = {29-33},
  shorttitle = {Software und Spiele kopieren, 2008},
  annote = {Verweist auf das präjudizierende Urheberrecht Deutschlands, demzufolge
	bei Software Sicherungskopien zwar nicht untersagt werden können,
	andere Arten des Kopierens aber extra erlaubt werden müssen.},
  crossref = {DjoGehGraKreSpi2008a},
  language = {german},
  note = {Print},
  owner = {reincke},
  timestamp = {2011.06.30}
}

@INPROCEEDINGS{Kreutzer2008b,
  author = {Till Kreutzer},
  title = {Software veröffentlichen[:] Wem gehören die Rechte?},
  year = {2008},
  pages = {163-167},
  shorttitle = {Software veröffentlichen, 2008},
  annote = {Erläutert das initiale Zusammenfallen von Urheberrecht und Verwertungsbefugnis.
	Letzteres kann übertragen werden, auch generell per Arbeitsrecht:
	angestellte Programmierer übergeben die Nutzungsrechte an ihren Werken
	mit dem Arbeitsvertrag an ihren Arbeitgeber. Wichtig aber auch: Urheberrecht
	impliziert keinen Ideenschutz.},
  crossref = {DjoGehGraKreSpi2008a},
  language = {german},
  note = {Print},
  owner = {reincke},
  timestamp = {2011.06.30}
}

@INPROCEEDINGS{Kreutzer2008c,
  author = {Till Kreutzer},
  title = {Softwarelizenzen - Beispiele[:] Und welche Lizenz nehme ich jetzt?},
  year = {2008},
  pages = {176-179},
  shorttitle = {Softwarelizenzen - Beispiele, 2008},
  annote = {Analysiert am Entwicklerinteresse entlang dazu passende Lizenzformen:
	Open Source Lizenzen können demnach verwendet werden, wenn keine
	Kontrollinteressen vorliegen, wenn Interesse am Rücklauf von Weiterentwicklungen
	bestehen oder wenn Werbezwecke im Vorderund stehen; ansonsten werden
	propritäre Lizenzen empfohlen. Eine feinere Unterteilung der Open
	Source Lizenzen wird nicht offeriert.},
  crossref = {DjoGehGraKreSpi2008a},
  language = {german},
  note = {Print},
  owner = {reincke},
  timestamp = {2011.07.05}
}

@INPROCEEDINGS{LarDoeTim2008a,
  author = {Chrstoph Laroque and Andre Döring and Thorsten Timm},
  title = {'Give or Let Buy': Kritische Überlegungen eines Software-Ingeneurs
	zur Veröffentlichung von Software als Open-Source-Projekte},
  year = {2008},
  pages = {155-166},
  shorttitle = {'Give or Let Buy': Kritische Überlegungen, 2008},
  annote = {Will Aspekte der Veröffentlichung von Software als Open Source wenigstens
	'schemenhaft' beleuchten. Damit hat der Artikel Erfolg. Auch Lizenz
	bezogene Herausforderungen werden nicht wirklich erwähnt.},
  crossref = {AscBauMitSee2008a},
  language = {german},
  note = {Print},
  owner = {reincke},
  timestamp = {2011.09.01}
}

@INPROCEEDINGS{Maass2008a,
  author = {Christian Maaß},
  title = {Zur Bedeutung des Urheber- und Patanterechts in der quelloffenen
	Softwareentwicklung},
  year = {2008},
  pages = {41-54},
  shorttitle = {Zur Bedeutung des Urheber- und Patanterechts in der quelloffenen Softwareentwicklung,
	2008},
  annote = {Skizziert, dass das Urheberrecht das konkrete Werk schützt, das Patent
	dagegen die 'dahinter stehende Idee'. Für Software sei das in Europa
	möglich, sofern der Hauptanspruch technischer Natur ist. Der Idee
	von Open Source stehe das aber entgegen. Zwecks Abwehr solcher Patent
	basierten Einschränkungen im OS Bereich verweist der Artikel zum
	Schluss auf den Patentpool, der vom OSDL aufgebaut wird.},
  crossref = {AscBauMitSee2008a},
  language = {english},
  note = {Print},
  owner = {reincke},
  timestamp = {2011.08.29}
}

@INPROCEEDINGS{OstRotLue2006a,
  author = {Margit Osterloh and Sandra Rota and Roger Lüthi},
  title = {'Collective Invention' als neues Innovationsmodell},
  year = {2006},
  pages = {65-76},
  shorttitle = {'Collective Invention' als neues Innovationsmodell, 2006},
  annote = {Zeigt, dass 'Collective Invention' schon im 19. Jh. existiert. Gemeint
	ist jeweils der freie Ideenaustausch. Bisher sei er in einer vorproduktiven
	volatilen Phase gepflegt und mit der Entdeckung einer konstanteren
	Architektur beendet worden. Open Source Software Entwicklung trotze
	diesem Muster des Niedergangs: Das sei bedingt durch die anhaltend
	niedrigen Kosten der Partizipation und durch die Lizenzen, die eine
	Rückgabe von Innovationen an die Community erzwängen.},
  crossref = {DroKrePol2006a},
  language = {german},
  note = {Print},
  owner = {reincke},
  timestamp = {2011.08.10}
}

@INPROCEEDINGS{Peters2009a,
  author = {Stormy Peters},
  title = {Open Source Is Changing the Way Work Gets Done},
  year = {2009},
  pages = {1},
  shorttitle = {Open Source Is Changing the Way Work Gets Done, 2009},
  titleaddon = {Konferenzbeitrag},
  annote = {Keynote. Behauptet, dass die neuen Wege der Kollaboration und Kommunikation,
	wie sie bei Open Source Entwicklung üblich sind, auch die Zusammenarbeit
	von Individuen und Firmen im Allgemeinen verändern.},
  crossref = {BolCroLunWas2009a},
  language = {english},
  note = {BibWeb/PDF},
  owner = {reincke},
  timestamp = {2011.08.02}
}

@INPROCEEDINGS{Piller2006a,
  author = {Frank T. Piller},
  title = {User Innovation: der Kunde kann's besser},
  year = {2006},
  pages = {85-97},
  shorttitle = {User Innovation: der Kunde kann's besser, 2006},
  annote = {Beschreibt u.a., wie bei der Entwicklung des Kite-Surfens User -
	sozusagen im Stile von Open Source Entwicklung - CAD-Modelle von
	Segeln frei erhalten und ihre Verbesserungen in Form von 'Bug-Reports'
	zurückgeben.},
  crossref = {DroKrePol2006a},
  language = {german},
  note = {Print},
  owner = {reincke},
  timestamp = {2011.08.10}
}

@INPROCEEDINGS{SeeKra2008a,
  author = {Bernd Seel and Miriam Kraft},
  title = {Einführung in das Prinzip Open Source},
  year = {2008},
  pages = {9-19},
  shorttitle = {Einführung in das Prinzip Open Source, 2008},
  annote = {Dient als Einleitung in die Sammlung. Der Artikel führt dazu sehr
	knapp in Geschichte und Systematik von Open Source ein, wobei er
	- der notwendigen Verknappung wegen - gelegentlich in die Irre führt.},
  crossref = {AscBauMitSee2008a},
  language = {german},
  note = {Print},
  owner = {reincke},
  timestamp = {2011.08.16}
}

@INPROCEEDINGS{Spielkamp2008a,
  author = {Mathias Spielkamp},
  title = {Creative Commons[:] Andere Zeiten, andere Lizenzen},
  year = {2008},
  pages = {219-221},
  shorttitle = {Creative Commons, 2008},
  annote = {Sehr kurze Abhandlung über die Nutzung von Creative Commons Lizenzen},
  crossref = {DjoGehGraKreSpi2008a},
  language = {german},
  note = {Print},
  owner = {reincke},
  timestamp = {2011.03.16}
}

@INPROCEEDINGS{Spielkamp2008b,
  author = {Mathias Spielkamp},
  title = {Lessigletters-Remix[:] Die Creative-Commons-Initiative},
  year = {2008},
  pages = {223-230},
  shorttitle = {Lessigletter-Remix, 2008},
  annote = {Beschreibt Geschichte und Ansinnen der Creative Commons Lizenzbewegung
	als modifizierete Übertragung des 'Gegenseitigkeitsprinzips' aus
	der Welt der FSF/GPL Software auf die Welt der Texte.},
  crossref = {DjoGehGraKreSpi2008a},
  language = {german},
  note = {Print},
  owner = {reincke},
  timestamp = {2011.07.05}
}

@INCOLLECTION{Stallman1984a,
  author = {Richard M. Stallman},
  title = {The GNU Manifesto},
  year = {2002},
  pages = {31-39},
  shorttitle = {Free Software Definition, 1984},
  titleaddon = {originally written in 1984},
  annote = {Eines der frühestes Dokumente, die die Idea des GNU Projektes und
	der GNU Software skizzieren. Der längste Teil des Artikels diskutiert
	die Vorteile der freien Software für alle Beteiligten, selbst im
	Hinblick auf eine kommerzielle Nutzung.},
  crossref = {StaGay2002a},
  language = {english},
  note = {Print},
  owner = {reincke},
  timestamp = {2011.10.26}
}

@INCOLLECTION{Stallman1994a,
  author = {Richard M. Stallman},
  title = {Why Software Should Not Have Owners},
  year = {2002},
  pages = {45-49},
  shorttitle = {Why Software Should Not Have Owners, 1994},
  titleaddon = {originally written in 1994},
  annote = {Wiederholt den Standpunkt, dass die Gesellschaft Software benötige,
	die sie lesen, berichtigen, anpassen und verbessern könne. Stattdessen
	würde Eigner von Software 'Black Boxes' liefern, die man nicht untersuchen
	könne. Ferner erwähnt der Artikel Möglichkeiten, wie man mit freier
	Software Geld verdienen könne, was zudem als eine wichtige Möglichkeit
	herausgestellt werde.},
  crossref = {StaGay2002a},
  language = {english},
  note = {Print},
  owner = {reincke},
  timestamp = {2011.10.26}
}

@INCOLLECTION{Stallman1996a,
  author = {Richard M. Stallman},
  title = {Free Software Definition},
  year = {2002},
  pages = {41-43},
  shorttitle = {Free Software Definition, 1996},
  titleaddon = {originally written in 1996},
  annote = {Definiert die vier konstitutiven Eigenschaften Freier Software: die
	Freiheit, solche Programme ohne Einschränkungen zu nutzen, ihr Funktionieren
	zu studieren, Kopien davon weiterzugeben, und schließlich die Freiheit,
	solche Programme zu verbessern und diese Verbesserungen weiterzugeben.
	Zudem erläutert der Artikel Implikationen: Etwa mit der These, dass
	die Zugänglichkeit des Sourcecodes 'nur' eine Voraussetzung für diese
	Freiheiten sei, kein Wert an sich. Oder mit dem Hinweis, dass es
	also freie Software geben könne, die nicht Copyleft-Software sei.},
  crossref = {StaGay2002a},
  language = {english},
  note = {Print},
  owner = {reincke},
  timestamp = {2011.10.21}
}

@INCOLLECTION{Stallman1996b,
  author = {Richard M. Stallman},
  title = {Selling Free Software},
  year = {2002},
  pages = {63-65},
  shorttitle = {Selling Free Software, 1996},
  titleaddon = {originally written in 1996},
  annote = {Opponiert gegen den Mythos, dass mit freier Software kein Geld verdient
	werden dürfe. Vielmehr lege die GPL diesbzgl. gerade nicht fest,
	wieviel für das Kopieren der GNU Software verlangt werden dürfe:
	das könne kostenlos sein oder Cents, ein Euro oder Milliraden von
	Euros kosten.},
  crossref = {StaGay2002a},
  language = {english},
  note = {Print},
  owner = {reincke},
  timestamp = {2011.10.26}
}

@INCOLLECTION{Stallman1996c,
  author = {Richard M. Stallman},
  title = {What is Copyleft?},
  year = {2002},
  pages = {89-90},
  shorttitle = {What is Copyleft?, 1996},
  titleaddon = {originally written in 1996},
  annote = {Beschreibt 'Copyleft' als Methode, mit der Programme und all deren
	Modifikationen und Ableitungen zu freier Software gemacht werden:
	Zunächst unterstelle man es dem normalen Copyright. Dann erlaube
	man als Copyright-Inhaber die freie Nutzung, Veränderung und Weitergabe,
	sofern diese Erlaubnis nicht entfernt worden werde. [In Deutschland
	braucht der Urheber die Urheberschaft nicht über eine Copyright-Notiz
	zu beanspruchen und also das Gemeinfrei-Werden nicht extra zu verhindern.
	Als Urheber er ist immer schon der Inhaber der Urheberrechte.]},
  crossref = {StaGay2002a},
  language = {english},
  note = {Print},
  owner = {reincke},
  timestamp = {2011.10.27}
}

@INCOLLECTION{Stallman1997a,
  author = {Richard M. Stallman},
  title = {The Right to Read},
  year = {2002},
  pages = {73-77},
  shorttitle = {The Right to Read, 1997},
  titleaddon = {originally written in 1997},
  annote = {Aus der antizipierten Sicht des Jahres 2096 erläutert Stallman das
	Dilemma eines Studenten, der seiner Freundin helfen möchte. Allerdings
	dürfe er das nicht, weil es dazu nötig wäre, ihr seine e-books auf
	seinem Rechner zum Lesen zu geben. Und genau das sei verboten und
	werde über eine unheilige Allianz von Verlegern und Combuterherstellern
	technisch verhindert.},
  crossref = {StaGay2002a},
  language = {english},
  note = {Print},
  owner = {reincke},
  timestamp = {2011.10.27}
}

@INCOLLECTION{Stallman1999a,
  author = {Richard M. Stallman},
  title = {The GNU Project},
  year = {2002},
  pages = {15-30},
  shorttitle = {The GNU Project, 1999},
  titleaddon = {originally published in 'Open Sources: Voices from the Open Source
	Revolution, O'Reilly, 1999'},
  annote = {Der Artikel skizziert Aspekte der Geschichte, der Ziele und der Philosophie
	des GNU Projektes.},
  crossref = {StaGay2002a},
  language = {english},
  note = {Print},
  owner = {reincke},
  timestamp = {2011.10.12}
}

@INCOLLECTION{Stallman2000a,
  author = {Richard M. Stallman},
  title = {What's in a Name?},
  year = {2002},
  pages = {51-53},
  shorttitle = {What's in a Name?, 2000},
  titleaddon = {originally written in 2000},
  annote = {Betont die Wichtigkeit, von 'GNU/Linux' und nicht von 'Linux' zu
	sprechen: Der Name 'Linux' allein erleichtere es, freie und nicht
	freie Software zu kombinieren, sodass am Ende die Kampagne für freie
	Software, weil unterlaufen, praktisch scheitern könnte. 'GNU/Linux'
	bewahre und transportieren als Name dagegen die Idee, freie Software
	auf eine spezielle Weise zu nutzen, und das selbst jenen gegenüber,
	die die Philosophie nicht sofort unterstützen.},
  crossref = {StaGay2002a},
  language = {english},
  note = {Print},
  owner = {reincke},
  timestamp = {2011.10.26}
}

@INCOLLECTION{Stallman2000b,
  author = {Richard M. Stallman},
  title = {Free Software Needs Free Documentation},
  year = {2002},
  pages = {67-68},
  shorttitle = {Free Software Needs Free Documentation, 2000},
  titleaddon = {originally written in 2000},
  annote = {Betont, dass Freie Software eine gute freie Dokumentation benätige,
	um praktisch nutzbar zu sein: Das Fehlen guter freier Handbücher
	unterlaufe die Freiheit, freie Software wirklich frei nutzen können.},
  crossref = {StaGay2002a},
  language = {english},
  note = {Print},
  owner = {reincke},
  timestamp = {2011.10.27}
}

@INCOLLECTION{Stallman2001a,
  author = {Richard M. Stallman},
  title = {Free Software: Freedom and Cooperation},
  year = {2002},
  pages = {155-186},
  shorttitle = {Free Software: Freedom and Cooperation, 2001},
  titleaddon = {transscript of a speech given at New York University on 29 May 2001},
  annote = {Fasst Aspekte der Idee 'Freie Software' zusammen und erzählt deren
	Genese aus persönlicher Sicht von RMS.},
  crossref = {StaGay2002a},
  language = {english},
  note = {Print},
  owner = {reincke},
  timestamp = {2011.10.27}
}

@INCOLLECTION{Stallman2002a,
  author = {Richard M. Stallman},
  title = {The Danger of Software Patents},
  year = {2002},
  pages = {95-111},
  shorttitle = {The Danger of Software Patents, 2002},
  titleaddon = {transcript of a speech given at University of Cambridge, London on
	the 25th of March 2002},
  annote = {Stallman betont zunächst den Unterschied zwischen Patent und Urheberrecht
	an einem Programm: ersteres 'sichere' die Idee, letztere nur die
	Form. Dann diskutiert er Möglichkeiten, Patenten 'entgegen' zu treten.},
  crossref = {StaGay2002a},
  language = {english},
  note = {Print},
  owner = {reincke},
  timestamp = {2011.10.31},
  urldate = {2013-02-18}
}

@INCOLLECTION{Stallman2002b,
  author = {Richard M. Stallman},
  title = {Can You Trust Your Computer?},
  year = {2002},
  pages = {115-117},
  shorttitle = {Can You Trust Your Computer?, 2002},
  titleaddon = {[originally written in 2002]},
  annote = {Erläutert die Umsetzung von 'DRM' und 'trusted computing' als eine
	Verschlüsselung von Daten, die werksseitig immer schon in Software
	und Computer eingebaut sei. Da aber in diesem Fall der Schlüssel
	dem Besitzer vorenthalten werde, kontrolliere letztlich das Programm
	respektive die Maschine den Besitzer, nicht der Besitzer seine Maschine.
	Und eben deshalb spricht RMS vom 'Digitial Restriction Management'
	und vom 'Treacherous Computing'.},
  crossref = {StaGay2002a},
  language = {english},
  note = {Print},
  owner = {reincke},
  timestamp = {2011.10.27}
}

@INCOLLECTION{Stallman1998a,
  author = {Richard M. Stallman},
  title = {Why 'Free Software' is Better than 'Open Software'},
  year = {1998},
  pages = {55-60},
  shorttitle = {Why 'Free Software' is Better than 'Open Software', 1998},
  titleaddon = {originally written in 1998},
  annote = {Behauptet, dass der Begriff 'Open Source' darauf ausgelegt sei, das
	Recht auf freie Software nicht so in den Vordergrund zu heben. Unterstreicht
	dann, dass das GNU Projekt beim Begriff 'Freie Software' bleibe,
	um Idee und Anspruch der Freiheit ohne Ängste zu propagieren.},
  crossref = {StaGay2002a},
  language = {english},
  note = {Print},
  owner = {reincke},
  timestamp = {2011.10.26}
}

@INPROCEEDINGS{SteHam2008a,
  author = {Marc Steinbring and Thorsten Hampel},
  title = {Connecting Babbling Bazaars - Der Open-Source-Gedanke im Wandel zum
	offenen Service},
  year = {2008},
  pages = {73-97},
  shorttitle = {Connecting Babbling Bazaars - Der Open-Source-Gedanke im Wandel zum
	offenen Service, 2008},
  annote = {Redet - wenig konkret - einer 'Symbiose' von offenen Strukturen und
	der Kommerzialisierung das Wort. Open Source scheint dabei als Ideengeber
	das freien Web-2.0 verstanden zu werden.},
  crossref = {AscBauMitSee2008a},
  language = {german},
  note = {Print},
  owner = {reincke},
  timestamp = {2011.09.01}
}

@BOOK{VwdjDebVEee2003a,
  author = {R. {van Wendel de Joode} and J. A. {de Bruijn} and M. J. G. {van
	Eeten}},
  title = {Protecting the Virtual Commons. Self-Organizing Open Source and Free
	Software Communities and Innovative Intellectual Property Regimes},
  address = {The Hague},
  year = {2003},
  shorttitle = {Protecting the Virtual Commons, 2003},
  number = {3},
  series = {Information Technology \& Law Series},
  publisher = {T.M.C. Asser Press},
  isbn = {90-6704-159-9},
  annote = {Neben anderen will dieser Bericht die Frage beantworten, warum die
	Community so viele verschiedene FLOSS Lizenzen definiert hat. Die
	Antwort ist vielleicht etwas dünn: der grösste Teil der Lizenzen
	sei von der BSD oder der GPL abgeleitet, um die grundlegenden Prinzipien
	der Community zu schützen.},
  language = {english},
  note = {Print},
  owner = {reincke},
  timestamp = {2012.02.20}
}

@MISC{AsfLicenses2013a,
  author = {{Apache Software Foundation}},
  title = {Licenses},
  year = {2013 [n.y ]},
  shorttitle = {Apache Licenses, 2013},
  annote = {Erzählt die Geschichte der Apache Lizenzen und bezeichnet die Versionen
	1.0 and 1.1 als 'historical' - nur die Version 2.0 ist von der OSI
	als Open Source Lizenz klassifiziert worden.},
  language = {english},
  note = {FreeWeb/Html},
  owner = {reincke},
  timestamp = {2013.02.24},
  url = {http://www.apache.org/licenses/},
  urldate = {2013-02-25}
}

@MISC{AsfApacheLicense20a,
  author = {{Apache Software Foundation}},
  title = {Apache License, Version 2.0},
  year = {2004},
  shorttitle = {Apache License, 2.0},
  annote = {Orignaltext der Apache-Lizenz. Beschreibt die 'Does and Don'ts'.},
  language = {english},
  note = {FreeWeb/Html},
  owner = {reincke},
  timestamp = {2011.08.31},
  url = {http://www.apache.org/licenses/LICENSE-2.0},
  urldate = {2011-08-31}
}

@ARTICLE{Babcock2006a,
  author = {Charles Babcock},
  title = {Big Test For Open Source GPL},
  journal = {Informationweek},
  year = {2006},
  volume = {17},
  pages = {o.A.},
  shorttitle = {Big Test For Open Source GPL, 2006},
  month = {Dezember},
  annote = {Sehr kurzer Artikel. Behauptet, der bekannte Fall 'Jacobsen v. Katzer'
	sichere nur die Artistic License ab. Für die GPL würde die Free Software
	Foundation unter derselben Interpretation das Recht erhalten, Cisco
	davon abzubringen, eine bestimmte OS Software weiter zu nutzen -
	ein möglicher, großer Test für die GPL.},
  language = {english},
  note = {Copy},
  owner = {reincke},
  timestamp = {2012.03.09}
}

@BOOK{Berry2008a,
  author = {David M. Berry},
  title = {Copy, Rip, Burn},
  address = {London},
  year = {2008},
  shorttitle = {Copy, Rip, Burn, 2008a},
  titleaddon = {The Politics of Copyleft and Open Source},
  publisher = {Pluto Press},
  isbn = {978-0-7453-2414-2},
  annote = {Dies soziologische Buch enthält zumindest eine Hinweise zur Geschichte
	von Open Source - bezogen auf die internen 'Schlachten' ('from software
	to open source?') und deren Diskursformen ('the contestation of code').},
  language = {english},
  note = {Print},
  owner = {reincke},
  timestamp = {2012.02.28}
}

@BOOK{Booth2010a,
  author = {David R. Booth},
  title = {Peer Production and Software. What Mozilla Has To Teach Government},
  address = {Cambridge (Massachusetts) and London (England)},
  year = {2010},
  shorttitle = {Peer Production and Software, 2010},
  series = {The John D. and Catherine T. MacArthur Foundation Reports on Digital
	Media and Learning},
  publisher = {MIT Press},
  isbn = {978-0-262-51461-3},
  annote = {Beschreibt entfernte Aspekte der Kooperation beim Mozilla / Firefox
	Projekt.},
  language = {english},
  note = {Print},
  owner = {reincke},
  timestamp = {2012.03.09}
}

@BOOK{BruHarPicCreFieHen2004a,
  author = {Bernd Brügge and Dietmar Harhoff and Arnold Picot and Oliver Creighton
	and Marina Fiedler and Joachim Henkel},
  title = {Open-Source Software. Eine ökonomische und technische Analyse},
  address = {Berlin u. Heidelberg},
  year = {2004},
  shorttitle = {Open-Source Software, 2004},
  publisher = {Springer},
  isbn = {3-540-20366-4},
  annote = {Möchte eigenem Bekunden nach 'mit den wesentlichen Einflussfaktoren'
	von OSS vertraut machen: es clustert die Lizenzen und liefert neben
	Beispielen und Aussagen zum Entwicklungsprozess auch Aussagen über
	die Beteiligung von Firmen an der Nutzung und Entwicklung von Open
	Source Software. Interessanterweise wird aber die Pflicht, die Firmen
	mit der Nutzung eingehen, nicht wirklich thematisiert.},
  comment = {FaM BRuW 05/QH 500 B889},
  language = {german},
  note = {Print},
  owner = {reincke},
  timestamp = {2011.07.29}
}

@BOOK{Buchtala2007a,
  author = {Rouven Buchtala},
  title = {Determinanten der Open Source Software-Lizenzwahl},
  address = {Frankfurt am Main, Berlin, Bern [... u.a.O.]},
  year = {2007},
  shorttitle = {Determinanten der Open Source Software-Lizenzwahl, 2007},
  titleaddon = {Eine spieltheoretische Analyse},
  number = {12},
  series = {Informationsmanagement und strategische Unternehmensführung)},
  publisher = {Peter Lang},
  isbn = {978-3-631-57114-9},
  annote = {Die Arbeit will ermitteln, welche Faktoren die Wahl einer OS-Lizenz
	beeinflussen. Dazu wird ein spieltheoretischer Ansatz als Kriterium
	gewählt. Bestehende OS-Lizenzen klassifiziert der Autor als 'permissiv',
	'restriktiv' und 'hochrestriktiv'. Diese Unterscheidung erhellt inhaltlich
	die Bedingungen der Lizenzerfüllung. Die Namen der Klassen denkt
	der Autor allerdings aus Sicht einer Firma, die sich möglichst uneingeschränkt
	bedienen will. Dabei entfällt jedoch die Intention der OS-Lizenzgeber,
	gewährte Freiheiten abzusichern.},
  language = {german},
  note = {Print},
  owner = {karsten},
  timestamp = {2010.06.02}
}

@BOOK{Bygott1992,
  author = {David Bygott},
  title = {David Bygott's Gnu Book. A light-hearted look at the Gnu, or Wildebeest},
  address = {Southerton, Harare},
  year = {1992},
  shorttitle = {David Bygott's Gnu Book, 1992},
  titleaddon = {firstly published 1998},
  publisher = {Robert Woollacott},
  isbn = {0-7974-1082-1},
  annote = {'Nur' ein witziges kleines Comic-Buch, das mit der ähnlichen Aussprache
	der Wörter 'GNU' und 'nu' oder 'new' spielt und so den 'Revegnue'
	oder den 'Sgnuker' illustriert.},
  language = {english},
  note = {Print},
  owner = {reincke},
  timestamp = {2011.08.12}
}

@BOOK{Chen2006a,
  author = {{Shun-ling} Chen},
  title = {Free/Open Source Software. Licensing},
  address = {Shri Pratap Udyog, Sriniwas Puri, New Delhi},
  year = {2006},
  shorttitle = {Free/Open Source Software. Licensing, 2006},
  publisher = {Elsevier India},
  isbn = {978-81-312-0422-1},
  annote = {Grenzt kurz 'Free Software' gegen 'Open Source Software' ab und beschreibt
	dann den Akt der Lizenzierung selbst.},
  language = {english},
  note = {FreeWeb/PDF},
  owner = {reincke},
  timestamp = {2013.02.02},
  url = {http://www.iosn.net/licensing/foss-licensing-primer/foss-licensing-final.pdf},
  urldate = {2013-02-02}
}

@BOOK{CoaBow2004a,
  author = {Ken Coar and Rich Bowen},
  title = {Apache Kochbuch},
  address = {Beijing [... u.a.O.]},
  year = {2004},
  shorttitle = {Apache Kochbuch, 2004},
  titleaddon = {deutsche Übersetzung v. Jochen Wiedmann},
  publisher = {O'Reilly},
  isbn = {3-89721-371-0},
  annote = {Interessant insofern, als die 'Apache License', die den vielfältigen
	Einsatz dieses http-Servers erst ermöglicht hat, in dem Buch nicht
	vorkommt. Die Frage, ob und wann man diese Software nutzen und installieren
	darf, ob und wann welche Module verwendet werden dürfen, wird nicht
	gestellt, geschweige denn beantwortet.},
  language = {german},
  note = {Print},
  owner = {reincke},
  timestamp = {2011.08.04}
}

@MISC{DFSG2013a,
  author = {{Debian}},
  title = {The Debian Free Software Guidelines (DFSG)},
  year = {2013 [J.o.A.]},
  shorttitle = {The Debian Free Software Guidelines, 2013},
  annote = {Enthält neuen Kriterien anhand derer Software als frei klassifiziert
	wird. Diese Kriterien sind in den Debian Social Contract eingebttet
	und in die Open Source Definition eingearbeitet wordem.},
  language = {english},
  note = {FreeWeb/HTML},
  owner = {reincke},
  timestamp = {2012.07.03},
  url = {http://www.debian.org/social_contract#guidelines},
  urldate = {2013-01-22}
}

@BOOK{DeNicolo2010a,
  author = {Christopher {De Nicolò}},
  title = {Open Source Software - Rechtliche Aspekte nach deutschem und italienischem
	Recht. Eine rechtsvergleichende Studie.},
  address = {Regensburg},
  year = {2010},
  shorttitle = {Open Source Software - Rechtliche Aspekte nach deutschem und italienischem
	Recht, 2010},
  titleaddon = {Dissertation},
  publisher = {Universität Regensburg},
  annote = {Untersuchung, in wie weit Open Source Software - trotz europäischer
	Normierung - im italienischen und deutschen Urheberrecht, Vertragsrecht
	und Haftungsrecht je unterschiedlich behandelt wird. Bzgl. der Urheberrechte
	bestehe ein gleichwertiger Schutz, die 'vertragstypologische Einordnung'
	stelle dagegen eine Herausforderung dar. In Deutschland müsse man
	bei Copyleft-Lizenzen von einem Tauschvertrag ausgehen, für die anderen
	OS-Lizenzen von einer Schenkung. Letzteres sei in Italien aber rechtlich
	problematisch. In der Haftungsfrage herrsche wieder Gleichwertigkeit.},
  comment = {Präsenz FaM Bibliothek Recht und Wirtschaft 05/PZ 3400 D278},
  language = {german},
  note = {Print},
  owner = {reincke},
  timestamp = {2011.08.01}
}

@BOOK{Eckl2004a,
  author = {Julian Eckl},
  title = {Die politische Ökonomie der Wissenschaftsgesellschaft. Geistige Eigentumsrechte
	und die Frage des Zugangs zu Ideen},
  address = {Marburg},
  year = {2004},
  shorttitle = {Die politische Ökonomie der Wissenschaftsgesellschaft, 2004},
  publisher = {Tectum Verlag},
  isbn = {3-8288-8735-X},
  annote = {Versucht zu zeigen, dass die Idee des 'Geistigen Eigentums' von Anbeginn
	an politisch umstritten gewesen ist und das Open Source die aktuelle
	'State-of-the-Art'-Position daher zurecht herausfordert. Das Buch
	enthält eine kurze, aber aussagekräftige Zusammenfassung der 'Open-Source'-Geschichte.},
  language = {german},
  note = {Print},
  owner = {reincke},
  timestamp = {2011.10.04}
}

@MISC{EplAndCpl2005a,
  author = {{Eclipse Foundation}},
  title = {CPL to EPL Conversion},
  year = {2013 [n.y. of the page itself]},
  shorttitle = {CPL to EPL Conversion, 2005},
  annote = {Diese Seite präsentiert Marterialien die 'transition from the CPL
	to the EPL' betreffend, die in 2004 begonnen und in 2005 abgeschlossen
	worden ist.},
  language = {english},
  note = {FreeWeb/HTML},
  owner = {reincke},
  timestamp = {2013.02.07},
  url = {http://www.eclipse.org/legal/cpl2epl/},
  urldate = {2013-02-20}
}

@MISC{Epl10EclipseFoundation2005a,
  author = {{Eclipse Foundation}},
  title = {Eclipse Public License, Version 1.0},
  year = {2005 [n.y. of the page itself]},
  shorttitle = {EPL-EF-1.0, 2005},
  annote = {Die Eclipse Public License 1.0, wie sie von der Eclipse Foundation
	präsentiert wird},
  language = {english},
  note = {FreeWeb/HTML},
  owner = {reincke},
  timestamp = {2013.02.07},
  url = {http://www.eclipse.org/org/documents/epl-v10.php},
  urldate = {2013-02-20}
}

@MISC{EuplLicense2007de,
  author = {{Europäische Gemeinschaft} and {European commission Joinup}},
  title = {Open-Source-Lizenz für die Europäische Union},
  year = {2007},
  shorttitle = {EUPL-1.1/DE, 2007},
  annote = {Die deutsche Version der EPL - gemäß OSI (http://opensource.org/licenses/EUPL-1.1)
	sind auch die Übersetzungen zertifziert},
  language = {german},
  note = {FreeWeb/HTML},
  owner = {reincke},
  timestamp = {2013.02.07},
  url = {http://joinup.ec.europa.eu/system/files/DE/EUPL%20v.1.1%20-%20Lizenz.pdf},
  urldate = {2013-02-08}
}

@MISC{FsfEuplRecomment2013,
  author = {{European Community} and {European commission Joinup}},
  title = {New FSF statements on the EUPL are a step in the right direction},
  year = {2013 [n.y]},
  shorttitle = {New FSF statements on the EUPL, 2013},
  annote = {Die Antwort der EU auf das FSF Statement bzgl. des eingeschränkten
	Copylefteffekts der EUPL-1.1},
  language = {english},
  note = {FreeWeb/HTML},
  owner = {reincke},
  timestamp = {2013.03.05},
  url = {https://joinup.ec.europa.eu/community/eupl/news/new-fsf-statements-eupl-are-step-right-direction},
  urldate = {2013-03-05}
}

@MISC{EuplLicense2007en,
  author = {{European Community} and {European commission Joinup}},
  title = {European Union Public Licence v. 1.1.},
  year = {2007},
  shorttitle = {EUPL-1.1/EN, 2007},
  annote = {Die englische Version der EPL - gemäß OSI (http://opensource.org/licenses/EUPL-1.1)
	sind auch die Übersetzungen zertifziertd},
  language = {english},
  note = {FreeWeb/HTML},
  owner = {reincke},
  timestamp = {2013.02.07},
  url = {http://joinup.ec.europa.eu/system/files/EN/EUPL%20v.1.1%20-%20Licence.pdf},
  urldate = {2013-02-08}
}

@BOOK{Feig1996a,
  author = {Michael Feig},
  title = {Einführung in GNU},
  address = {München u. Wien},
  year = {1996},
  shorttitle = {Einführung in GNU, 1996},
  series = {Unix easy},
  publisher = {Carl Hanser Verlag},
  isbn = {3-446-18311-6},
  annote = {Ist auf das GNU-Projekt als eine Sammlung von einzelnen freien Tools
	ausgerichtet, die ein freies Unix konstituieren sollen. Die Lizenzfrage
	und die Philosophie werden jedoch nur sehr grob in einem Absatz abgehandelt.
	Dafür beleuchtet diese ältere Buch die einzelnen, meist in einer
	Shell ablaufenden Applikationen sehr detailliert. Es ist sozusagen
	ein praktisches Handbuch für die älteren 'Anwendungsprogramme von
	GNU'.},
  comment = {FaM Bibliothek Recht und Wirtschaft 05/ST 261 U61 F297},
  language = {german},
  note = {Print},
  owner = {reincke},
  timestamp = {2011.08.01}
}

@BOOK{Fogel2006a,
  author = {Karl Fogel},
  title = {Producing Open Source Software},
  address = {Beijing, Cambridge, Köln [...]},
  year = {2006},
  shorttitle = {Producing Open Source Software, 2006},
  titleaddon = {How to Run a Successful Free Software Project},
  publisher = {O'Reilly},
  isbn = {978-0-596-00759-1},
  annote = {Bekanntes Englisch sprachiges Standardwerk. Beschreibt in erster
	Linie das Doing der eigentlichen Entwicklung. Linzenzfragen werden
	in einem kurzen Kapitel abgehandelt. Enthält dort eine sehr saubere
	Abgrenzung der Begriffe Free Software, Open Source Software, FLOSS
	etc. Behandelt auch das Problem der Lizenzkompatibilität.},
  eid = {ISBN: 978-0-596-00759-1},
  language = {english},
  note = {Print},
  owner = {reincke},
  timestamp = {2011.05.17}
}

@MISC{FsfLicenseList2013a,
  author = {{Free Software Foundation}},
  title = {Various Licenses and Comments about Them},
  year = {2013 [n.y.]},
  shorttitle = {Various Licenses and Comments about Them, 2013},
  annote = {Die GNU-Softwarelizenzliste , eingeteilt in die Kategorien 'GPL-Compatible
	Free Software Licenses', 'GPL-Incompatible Free Software Licenses'
	und 'Nonfree Software Licenses'.},
  language = {english},
  note = {FreeWeb/HTML},
  owner = {reincke},
  timestamp = {2012.07.03},
  url = {http://www.gnu.org/licenses/license-list.html},
  urldate = {2013-02-08}
}

@MISC{Gpl30FsfLicense2007a,
  author = {{Free Software Foundation}},
  title = {GNU General Public License [version 3]},
  year = {2007 [n.y. of the html page itself]},
  shorttitle = {The GPL-3.0 License (FSF), 2007},
  annote = {Die GPL-3.0 -- die aktuelle GNU Lizenz mit starkem Copyleft},
  language = {english},
  note = {FreeWeb/HTML},
  owner = {reincke},
  timestamp = {2013.03.06},
  url = {http://www.gnu.org/licenses/gpl.html},
  urldate = {2013-03-06}
}

@MISC{Lgpl30FsfLicense2007a,
  author = {{Free Software Foundation}},
  title = {GNU Lesser General Public License [version 3]},
  year = {2007 [n.y. of the html page itself]},
  shorttitle = {The LGPL-3.0 License (FSF), 2007},
  annote = {Die LGPL-3.0 -- die aktuelle GNU Lizenz mit schwachem Copyleft},
  language = {english},
  note = {FreeWeb/HTML},
  owner = {reincke},
  timestamp = {2013.03.06},
  url = {http://www.gnu.org/copyleft/lesser.html},
  urldate = {2013-03-06}
}

@MISC{Lgpl21FsfLicense1999a,
  author = {{Free Software Foundation}},
  title = {GNU Lesser General Public License [version 2.1]},
  year = {1999 [n.y. of the html page itself]},
  shorttitle = {The LGPL-2.1 License (FSF), 1999},
  annote = {Die LGPL-2.1 -- die zweite GNU Lizenz mit schwachem Copyleft},
  language = {english},
  note = {FreeWeb/HTML},
  owner = {reincke},
  timestamp = {2013.03.25},
  url = {http://www.gnu.org/licenses/old-licenses/lgpl-2.1.html},
  urldate = {2013-03-25}
}

@MISC{Gpl20FsfLicense1991a,
  author = {{Free Software Foundation}},
  title = {GNU General Public License, version 2},
  year = {1991 [o.J der Htmlseite selbst]},
  shorttitle = {The GPL-2.0 License (FSF), 1991},
  annote = {The GPL-2.0 license, using a strict copyleft. The first release was
	published in 1989. One of the main authors is probably Richard M.
	Stallman itself, even if today the Free Software Foundation is the
	copyright holder.},
  language = {english},
  note = {FreeWeb/HTML},
  owner = {reincke},
  timestamp = {2012.07.03},
  url = {http://www.gnu.org/licenses/gpl-2.0.html},
  urldate = {2013-02-05}
}

@MISC{Lgpl20FsfLicense1991a,
  author = {{Free Software Foundation}},
  title = {GNU Library General Public License [version 2.0]},
  year = {1991 [n.y. of the html page itself]},
  shorttitle = {The LGPL-2.0 License (FSF), 1991},
  annote = {Die LGPL-2.0 -- die erste GNU Lizenz mit schwachem Copyleft},
  language = {english},
  note = {FreeWeb/HTML},
  owner = {reincke},
  timestamp = {2013.03.25},
  url = {http://www.gnu.org/licenses/old-licenses/lgpl-2.0.html},
  urldate = {2013-03-25}
}

@MISC{FsfGnuOsLicenses2011a,
  author = {{Free Software Foundation}},
  title = {GNU Operating System[:] Licenses},
  year = {2011},
  shorttitle = {The GNU OS Licenses, 2011},
  annote = {Einstiegspunkt in den lizenzspezifischen Bereich der GNU OS Homepage.},
  language = {english},
  note = {FreeWeb/HTML},
  owner = {reincke},
  timestamp = {2013.03.25},
  url = {http://www.gnu.org/licenses/},
  urldate = {2013-03-25}
}

@BOOK{Grassmuck2002a,
  author = {Volker Grassmuck},
  title = {Freie Software. Zwischen Privat- und Gemeineigentum},
  address = {Bonn},
  year = {2002},
  shorttitle = {Freie Software, 2002},
  titleaddon = {Themen und Materialien},
  publisher = {Bundeszentrale für politische Bildung},
  isbn = {3-89331-432-6},
  annote = {Deutsches Standardwerk, entstanden zu einer Zeit, als Open Source
	noch nicht en vogue war. Obwohl Art und Ausrichtung der Lizenzen
	mittlerweile stark gewachsen sind, bietet das Buch immer noch einen
	systematischen Leitfaden.},
  language = {german},
  note = {Print},
  owner = {reincke},
  timestamp = {2011.03.16}
}

@BOOK{GuiOvd2006a,
  author = {Lucie Guibault and Ot van Daalen},
  title = {Unravelling the Myth around Open Source Licenses. An Anaysis from
	A Dutch and European Law Perspective},
  address = {The Hague},
  year = {2006},
  shorttitle = {Unravelling the Myth around Open Source Licenses, 2006},
  number = {8},
  series = {IT \& Law},
  publisher = {T. M. C. Asser Press},
  isbn = {978-90-6704-214-7},
  annote = {Beschreibt die Open Source Idea aus dem Blickwinkel des holländischen
	Rechtssystem. Es endet mit 5 Empfehlungen, die der OS Lizenzierung
	zu mehr Klarheit verhelfen sollen. Abgesehen vom Titel wird der Mythos
	von Open Source jedoch nicht explizit näher beleuchtet.},
  language = {english},
  note = {Print},
  owner = {reincke},
  timestamp = {2012.05.17}
}

@BOOK{Heap1994a,
  author = {Nicholas Heap},
  title = {OSI-Referenzmodell ohne Geheimnis},
  address = {Hannover},
  year = {1994},
  shorttitle = {OSI-Referenzmodell ohne Geheimnis, 1994},
  titleaddon = {[aus dem Englischen] übers. v. G \& U, Flensburg},
  publisher = {Heise},
  isbn = {3-88229-045-5},
  annote = {OSI referenziert zumeist nicht die 'Open Source Initiative', sondern
	das 'Open Systems Interconnection Referenzmodell'. Hier ein älteres
	deutschsprachiges Werk, das 'OSI' als Netzwerkschichtung erläutert.},
  language = {german},
  note = {Print},
  owner = {reincke},
  timestamp = {2011.08.04}
}

@ELECTRONIC{HofPfeWal2010a,
  shorttitle = {Neue Synergien zwischen Schule und Kiez in Gropiusstadt, 2010},
  author = {Susanne Hofmann and Sven Pfeiffer and Urs Walter},
  year = {2010},
  title = {Open Source School},
  titleaddon = {Neue Synergien zwischen Schule und Kiez in Gropiusstadt. Architektur
	als sozialer Katalysator},
  address = {Berlin},
  annote = {Bietet trotz verführerischem Titel nichts, was zum Thema 'Open Source
	Software' gehören würde: es geht um eine spezielle Art der Architekturvermittlung.},
  language = {german},
  note = {FreeWeb/PDF},
  owner = {reincke},
  timestamp = {2011.06.29},
  url = {http:// opus. kobv. de/ tuberlin/ volltexte/ 2010/ 2841/ pdf/ 9783798322738_content.pdf}
}

@MISC{ifross2011a,
  author = {ifross},
  title = {Lizenz-Center},
  year = {2011},
  shorttitle = {ifross Lizenz-Center, 2011},
  annote = {Listet mehr Open-Source-LIzenzen auf als das OSI-Institut selbst.
	Sie werden eingeteilt in solche ohne Copyleft-Effekt, in solche mit
	strengem Copyleft-Effekt und in solche mit begrenztem Copyleft-Effekt,
	was eine der durchdachtesten Darstellung überhaupt ist.},
  language = {german},
  note = {FreeWeb/HTML},
  owner = {reincke},
  timestamp = {2011.09.05},
  url = {http://www.ifross.org/lizenz-center},
  urldate = {2011-09-05}
}

@MISC{ifross2011b,
  author = {ifross},
  title = {Ziele, Aufgaben, Geschichte},
  year = {2011},
  shorttitle = {Ziele, Aufgaben, Geschichte, 2011},
  annote = {Beschreibt Ziele und Geschichte des 'Instituts für Rechtsfragen der
	Freien und Open Source Software': es wurde 2000 als Privatinstitut
	gegründet und soll das Phänomen 'Freie Software' aus rechtswissenschaftlicher
	Sicht begleiten.},
  language = {german},
  note = {FreeWeb/HTML},
  owner = {reincke},
  timestamp = {2011.09.05},
  url = {http://www.ifross.org/node/16},
  urldate = {2011-09-05}
}

@MISC{ifross2011c,
  author = {ifross},
  title = {FAQ - Häufig gestellte Fragen},
  year = {2011},
  shorttitle = {FAQ, 2011},
  annote = {Diese Seite präsentiert Kernaussagen zum Thema 'Open Source', und
	zwar in Form einer FAQ-Liste.},
  language = {german},
  note = {FreeWeb/HTML},
  owner = {reincke},
  timestamp = {2011.09.05},
  url = {http://www.ifross.org/faq-haeufig-gestellte-fragen},
  urldate = {2011-09-05}
}

@BOOK{ifross2005a,
  author = {ifross and Till Jaeger and Olaf Koglin and Till Kreutzer and Axel
	Metzger and Carsten Schulz},
  title = {Die GPL kommentiert und erklärt},
  address = {Beijing, Cambridge, Farnham [etc ..]},
  year = {2005},
  shorttitle = {Die GPL kommentiert und erklärt, 2005},
  publisher = {O'Reilly},
  isbn = {3-89721-389-3},
  annote = {Erläutert die jurstischen Implikationen und die Bedeutung der GPL
	- Abschnitt für Abschnitt und einschließlich der Bedeutung des Begriffs
	'abgeleitetes Werk'},
  language = {german},
  note = {Print},
  owner = {reincke},
  timestamp = {2012.02.28}
}

@BOOK{Imhorst2004a,
  author = {Christian Imhorst},
  title = {Die Anarchie der Hacker. Richard Stallman und die Freie-Software-Bewegung},
  address = {Marburg},
  year = {2004},
  shorttitle = {Die Anarchie der Hacker, 2004},
  publisher = {Tectum Verlag},
  isbn = {3-8288-8769-4},
  annote = {Versucht - etwas bemüht - die Geschichte von Open Source als eine
	Folge der Anarchie amerikanischer Bauart zu erzählen und berührt
	dabei die beiden Stränge: den freien Personalcomputer - später monopolisiert
	durch Mikrosoft - und die universitäre Tradition der freien Zusammenarbeit
	und des freien Austausches.},
  language = {german},
  note = {Print},
  owner = {reincke},
  timestamp = {2012.02.20}
}

@BOOK{JaeMet2011a,
  author = {Till Jaeger and Axel Metzger},
  title = {Open Source Software. Rechtliche Rahmenbedingungen der Freien Software},
  address = {München},
  year = {2011},
  shorttitle = {Open Source Software. Rechtliche Rahmenbedingungen der Freien Software,
	2011},
  edition = {3},
  publisher = {Verlag C.H. Beck},
  annote = {Die 3. aktuelle Ausgabe des wichtigsten deutschsprachigen Standardwerks
	zum Thema 'Open Source Lizenzen': Behält die 'bewährte Kapitelstruktur'
	bei, listet aber neue Lizenzenh auf und nebst vielem anderem auvh
	auf die Lizenzkombination ein. Ergo findet man erneut zu Open Source
	Lizenzen die Rechte und Pflichten der Softwarenutzer - wiederum nur
	leider eben nicht in Form abarbeitbarer Listen und auch nicht unter
	Berücksichtigung der verschiedenen Usecases, wie sie die Softwareentwicklung
	kennzeichnen. Das scheidet der Qualität dieses unumgehbaren Standardwerks
	nicht!},
  language = {german},
  note = {Print},
  owner = {reincke},
  timestamp = {2011.07.27}
}

@BOOK{JaeMet2006a,
  author = {Till Jaeger and Axel Metzger},
  title = {Open Source Software. Rechtliche Rahmenbedingungen der Freien Software},
  address = {München},
  year = {2006},
  shorttitle = {Open Source Software. Rechtliche Rahmenbedingungen der Freien Software,
	2006},
  edition = {2},
  publisher = {Verlag C.H. Beck},
  isbn = {3406538037},
  annote = {Die 2. Ausgabe des wichtigsten deutschsprachigen Standardwerks zum
	Thema 'Open Source Lizenzen': Wie ifross unterteilt es Lizenzen jetzt
	als solche mit 'strenger Copyleft Klausel', solche mit 'beschränkter
	Copyleft-Klausel' und solche ohne 'Copyleft-Klausel'. Neben anderen
	Aspekten diskutiert das Buch nun die Durchsetzung von Open Source
	Lizenzen und die Wechselwirkungen zum AGB Recht. Und erneut beschreibt
	es bzgl. der wichtigsten Open Source Lizenzen Rechte und Pflichten
	der Softwarenutzer - wiederum nur leider eben nicht in Form abarbeitbarer
	Listen und auch nicht unter Berücksichtigung der verschiedenen Usecases,
	wie sie die Softwareentwicklung kennzeichnen. Allerdings bleibt es
	natürlich ein unumgehbares Standardwerk!},
  language = {german},
  note = {Print},
  owner = {reincke},
  timestamp = {2011.07.27}
}

@BOOK{JaeMet2002a,
  author = {Till Jaeger and Axel Metzger},
  title = {Open Source Software. Rechtliche Rahmenbedingungen der Freien Software},
  address = {München},
  year = {2002},
  shorttitle = {Open Source Software. Rechtliche Rahmenbedingungen der Freien Software,
	2002},
  edition = {1},
  publisher = {Verlag C.H. Beck},
  isbn = {3406484026},
  annote = {Die 1. Ausgabe des wichtigsten deutschsprachigen Standardwerks zum
	Thema 'Open Source Lizenzen'; es behandelt wichtige Aspekte wie Haftung,
	Patente oder Marken. Und bzgl. jeder aufgelisteten Lizenz oder jedes
	erwähnten Lizenzclusters beschreibt es Rechte und Pflichten der Softwarenutzer
	- nur leider eben nicht in Form abarbeitbarer Listen und auch nicht
	unter Berücksichtigung der verschiedenen Usecases, wie sie die Softwareentwicklung
	kennzeichnen. Und trotzdem: es ist ein unumgehbares Standardwerk,
	zumindest in seiner letzten Ausgabe von 2011.},
  language = {german},
  note = {Print},
  owner = {reincke},
  timestamp = {2011.07.27}
}

@BOOK{Kaes2008a,
  author = {Simone Käs},
  title = {Rethinking industry practice. The emergence of openness in the embedded
	component industry},
  address = {München},
  year = {2008},
  shorttitle = {Rethinking industry practice; The emergence of openness, 2008},
  publisher = {Pro BUSINESS},
  isbn = {978-3-86805-256-5},
  annote = {Untersucht den Wandel hin zur Offenheit in der Softwareentwicklung
	über Interviews innerhalb von 'Embedded-Linux'-Firmen. Das Ergebnis
	ist, dass die Offenheit kundengetrieben sei und zugleich einen Lernprozess
	innerhalb der Firmen bedinge. Das Buch enthält eine kurze, aber präzise
	Darstellung dessen, was OSS auch aus Lizenzsicht ist; eine systematische
	Darstellung der eingegangenen Verpflichtungen liefert es nicht.},
  comment = {FaM Bibliothek Recht und Wirtschaft 05/QP 210 K11},
  language = {english},
  note = {Print},
  owner = {reincke},
  timestamp = {2011.08.01}
}

@BOOK{Kersken2009a,
  author = {Sasche Kersken},
  title = {Apache 2.2. Das umfassende Handbuch},
  address = {Bonn},
  year = {2009},
  shorttitle = {Apache 2.2 Handbuch, 2009},
  titleaddon = {3., aktualisierte u. erw. Aufl.},
  publisher = {Galileo Press},
  isbn = {978-8362-1325-7},
  annote = {900+x Seiten starkes Handbuch mit einem 2 seitigen Abschnitt zu Geschichte
	und Inhalt der Apache Lizenz.},
  language = {german},
  note = {Print},
  owner = {reincke},
  timestamp = {2011.08.31}
}

@BOOK{Koglin2007a,
  author = {Olaf Koglin},
  title = {Opensourcerecht. Die urheber- und schuldrechtlichen Beziehungen zwischen
	Lizenzgeber und Lizenznehmer bei Open Source Software am Beispiel
	der General Public License (GPL)},
  address = {Frankfurt am Main},
  year = {2007},
  shorttitle = {Opensourcerecht, 2007},
  number = {31},
  series = {Schriften zum Wirtschafts- und Medienrecht, Steuerrecht und Zivilprozeßrecht},
  publisher = {Peter Lang},
  isbn = {978-3-631-56308-3},
  annote = {Sehr gründliche Analyse der Gültigkeit und des Umfangs der GPL bezogen
	auf das allgemeine deutsche Recht, das Urheberrecht und das Vertragsrecht.
	Behandelt zudem detailliert und facettenreich die einzelnen GPL Bestimmung.
	Andere Open Source Lizenzen werden jedoch nicht in derselben Art
	behandelt.},
  language = {german},
  note = {Print},
  owner = {reincke},
  timestamp = {2011.08.12}
}

@BOOK{Kugler2005a,
  author = {Petra Kugler},
  title = {Coordinating Innovation: Evidence from Open Source Development},
  address = {St. Gallen},
  year = {2005},
  shorttitle = {Coordinating Innovation: Evidence from Open Source Development, 2005},
  titleaddon = {Dissertation},
  publisher = {University of. St. Gallen},
  annote = {Behandelt wird die Frage, wie sich informelle Organizationen samt
	ihrer Hierarchien etablieren. Open Source Communities werden als
	Beispiele genommen. Grob gesagt etablieren sich ihrer Strukturen
	auf der Basis von Themen- und Projektwissen. Open Source Lizenzen
	werden als Methode genommen, die den freien Austausch von Code erst
	ermöglichen. Wie sie konkret erfüllt werden, ist nicht Thema des
	Buches.},
  language = {english},
  note = {Print},
  owner = {reincke},
  timestamp = {2011.08.04}
}

@ARTICLE{McAllister2003a,
  author = {Neil McAllister},
  title = {Licence to Profit [. Hybrid Open Source Licensing]},
  journal = {New Architect and Web Techniques (www.newarchitectmag.com)},
  year = {2003},
  volume = {8},
  pages = {o.A.},
  shorttitle = {Licence to Profit, 2003},
  annote = {Sehr kurzer Artikel. Beschreibt allerdings auch, wie die Firma 'Mysql
	AB' sihre Dualizenzierung absichert: Sie lässt die Kontributoren
	das Copyright an ihren Modifikationen an Mysql AB übertragen. Damit
	erhält die Firma implizit auch das Recht, das Ergebnis unter jeder
	Lizenz zu veröffentlichen, die Mysql AB für richtig hält.},
  language = {english},
  note = {Copy},
  owner = {reincke},
  timestamp = {2012.03.09}
}

@BOOK{Mla2009a,
  author = {MLA},
  title = {MLA Handbook for Writers of Research Papers},
  address = {New York},
  year = {2009},
  shorttitle = {MLA Handbook, 2009},
  edition = {7},
  publisher = {The Modern Language Association of America},
  isbn = {978-1-60329-024-1},
  annote = {Der amerikanische Stil, dessen Vorzüge wir kennen und trotzdem nicht
	folgen.},
  language = {english},
  note = {Print},
  owner = {reincke},
  timestamp = {2013.02.10}
}

@BOOK{Moody2002a,
  author = {Glyn Moody},
  title = {Rebel Code: Linux And The Open Source Revolution},
  address = {[New York]},
  year = {2002},
  shorttitle = {Rebel Code, 2002},
  publisher = {Basic Books},
  isbn = {ISBN 978-0738206707},
  annote = {Das Original letzter Hand: wenn jemand nur ein Buch über 'Open Source'
	lesen möchte, dann dies.},
  language = {english},
  note = {Print},
  owner = {reincke},
  timestamp = {2011.09.09}
}

@BOOK{Moody2001a,
  author = {Glyn Moody},
  title = {Die Software-Rebellen. Die Erfolgsstory von Linus Torvalds und Linux},
  address = {Landsberg am Lech},
  year = {2001},
  shorttitle = {Die Software-Rebellen, 2001},
  titleaddon = {aus dem Amerikanischen übers. v. Annemarie Pumpering; Amerikanische
	Ausgabe von aus dem Jahr 2000},
  publisher = {verlag moderne industrie},
  isbn = {3-478-38730-2},
  annote = {Wenn jemand nur ein Buch über 'Open Source' lesen möchte, geben Sie
	ihm dies: es erzählt - von nahezu allen wichtigen Aspekten.},
  language = {german},
  note = {Print},
  owner = {reincke},
  timestamp = {2011.09.09}
}

@MISC{Mpl11MozFoundation2013a,
  author = {{Mozilla Foundation}},
  title = {Mozilla Public License Version 1.1},
  year = {2013 [n.y.]},
  shorttitle = {Mozilla Public License Version 1.1, 2013},
  annote = {Die Mozilla Public License 1.1, wie sie von der Mozilla Foundation
	angeboten wird},
  language = {english},
  note = {FreeWeb/HTML},
  owner = {reincke},
  timestamp = {2013.03.05},
  url = {http://www.mozilla.org/MPL/1.1/},
  urldate = {2013-03-05}
}

@MISC{Mpl11To20MozFoundation2013a,
  author = {{Mozilla Foundation}},
  title = {About MPL 2.0: Revision Process and Changes FAQ},
  year = {2013 [n.y.]},
  shorttitle = {MPL 2.0: Revision Process and Changes, 2013},
  annote = {Über die Unterschiede zwischen der MPL-1.1 und der MPL-2.0: Die Mozilla
	Foundation sagt selbst dass 'the most important part of the license
	- the file-level copyleft - is essentially the same in MPL 2.0 and
	MPL 1.1'.},
  language = {english},
  note = {FreeWeb/HTML},
  owner = {reincke},
  timestamp = {2013.03.05},
  url = {http://www.mozilla.org/MPL/1.1/},
  urldate = {2013-03-05}
}

@MISC{Mpl20MozFoundation2012a,
  author = {{Mozilla Foundation}},
  title = {Mozilla Public License 2.0 (MPL-2.0)},
  year = {2012},
  shorttitle = {Mozilla Public License 2.0 (MPL-2.0), 2012},
  annote = {Die Mozilla Public License 2.0, wie sie von der Mozilla Foundation
	angeboten wird.},
  language = {english},
  note = {FreeWeb/HTML},
  owner = {reincke},
  timestamp = {2013.03.05},
  url = {http://www.mozilla.org/MPL/2.0/},
  urldate = {2013-03-05}
}

@BOOK{Mundhenke2007a,
  author = {Jens Mundhenke},
  title = {Wettbewerbswirkungen von Open-Source-Software und offenen Standards
	auf Softwaremärkten},
  address = {Berlin, Heidelberg u. New York},
  year = {2007},
  shorttitle = {Wettbewerbswirkungen von Open-Source-Software und offenen Standards
	auf Softwaremärkten, 2007},
  number = {338},
  series = {Kieler Studien},
  publisher = {Springer},
  isbn = {978-540-71415-6},
  annote = {Fragt, warum und wie Open Source Software erfolgreich im Markt agiert.
	Eine Antwort sei, dass OSS den Wettbewerbsdruck durch die blosse
	Existenz einer Alternative erhöht. Zur Analyse der Frage folgt das
	Buch der 'natürlichen' thematischen Struktur: es erläutert das Konzept
	Open Source, klassiziert die Lizenzen in Copyleft-, Noncopyleft-,
	Public Domain- und proprietäre Lizenzen und skizziert die Geschichte
	von Open Source.},
  language = {german},
  note = {Print},
  owner = {reincke},
  timestamp = {2011.09.29}
}

@MISC{Netcraft2011a,
  author = {Netcraft},
  title = {August 2011 Web Server Survey},
  year = {2011},
  shorttitle = {Web Server Survey, 08/2011},
  annote = {Monatlich veröffentliche Statistik, die Webpräsenzen und die auslieferenden
	Webserver zählt. Demnach ist der Apache-Webserver seit 1996 die dafür
	am meisten genutzte Software. Und aktuell wird sie mehr als doppelt
	so oft verwendet, wie alle anderen zusammen.},
  language = {english},
  note = {FreeWeb/Html},
  owner = {reincke},
  timestamp = {2011.08.31},
  url = {http://news.netcraft.com/archives/2011/08/05/august-2011-web-server-survey-3.html},
  urldate = {2011-08-31}
}

@BOOK{Oberhem2008a,
  author = {Carolina Oberhem},
  title = {Vertrags- und Haftungsfragen beim Vertrieb von Open Source Software},
  address = {Hamburg},
  year = {2008},
  shorttitle = {Vertrags- und Haftungsfragen beim Vertrieb von Open Source Software,
	2008},
  titleaddon = {Dissertation},
  number = {50},
  series = {Recht der Neuen Medien},
  publisher = {Verlag Dr. Kova\v{c}},
  isbn = {978-3-8300-4075-0},
  annote = {Zielt auf die Klärung der Haftung bei der Weitergabe von GPL Software.
	Das bedarf der Erörterung, da der Gewährleistungsausschluss in der
	GPL in Deutschland nichtig ist. Damit greift ersatzweise normales
	Recht, hier das der Schenkung. Der privaten Distributor oder Urheber
	haftet demnach nur bei vorsätzlichem oder grob fahrlässigen Verhalten,
	z.B. bei arglistigem Verschweigen von Schadroutinen. Der professionelle
	Distributor muss darüber hinaus Programme per Virenscanner auf Schadroutinen
	überprüfen. Davon unabhängig zu bewerten, sind seine Zusatzleistungen.
	Neben AGB-haftigkeit der GPL und des Vertragstypus wird auch detailliert
	die Open-Source-Begrifflichkeit verhandelt.},
  comment = {[Präsenz FaM Bibliothek Recht und Wirtschaft 05/PZ 3300 012]},
  language = {german},
  note = {Print},
  owner = {reincke},
  timestamp = {2011.08.01}
}

@MISC{OSI2013b,
  author = {{Open Source Initiative}},
  title = {Open Source Licenses by Category},
  year = {2013 [y. n.st.]},
  shorttitle = {The Open Source Licenses by Category, 2013},
  annote = {OSI spezifische Kategorisierung der Open Source Lizenzen},
  language = {english},
  note = {FreeWeb},
  owner = {reincke},
  timestamp = {2013.01.22},
  url = {http://opensource.org/licenses/category},
  urldate = {2013-01-29}
}

@MISC{Mpl20OsiLicense2013a,
  author = {{Open Source Initiative}},
  title = {Mozilla Public License 2.0 (MPL-2.0)},
  year = {2013 [n.y.]},
  shorttitle = {The MPL-2.0 License (OSI), 2013},
  annote = {Die Mozilla Public License 2.0 in der von der OSI publizierten Form},
  language = {english},
  note = {FreeWeb/HTML},
  owner = {reincke},
  timestamp = {2013.02.07},
  url = {http://opensource.org/licenses/MPL-2.0},
  urldate = {2013-02-07}
}

@MISC{MsplOsiLicense2013a,
  author = {{Open Source Initiative}},
  title = {Microsoft Public License (MS-PL)},
  year = {2013 [n.y.]},
  shorttitle = {MS-PL, 2013},
  annote = {The Microsoft Public License, wie sie bei der OSI präsentiert wird},
  language = {english},
  note = {FreeWeb/HTML},
  owner = {reincke},
  timestamp = {2013.02.26},
  url = {http://opensource.org/licenses/MS-PL},
  urldate = {2013-02-26}
}

@MISC{PglOsiLicense2013a,
  author = {{Open Source Initiative}},
  title = {The PostgreSQL Licence (PostgreSQL)},
  year = {2013 [n.y.]},
  shorttitle = {PostgreSQL License, 2013},
  annote = {Die PostgreSQL Lizenz, wie von der OSI präsentiert},
  language = {english},
  note = {FreeWeb/HTML},
  owner = {reincke},
  timestamp = {2013.02.27},
  url = {http://opensource.org/licenses/PostgreSQL},
  urldate = {2013-02-27}
}

@MISC{Php30OsiLicense2013a,
  author = {{Open Source Initiative}},
  title = {The PHP License 3.0 (PHP-3.0)},
  year = {2013 [n.y.]},
  shorttitle = {PHP-3.0, 2013},
  annote = {Die PHP-3.0Lizenz, wie von der OSI präsentiert},
  language = {english},
  note = {FreeWeb/HTML},
  owner = {reincke},
  timestamp = {2013.02.27},
  url = {http://opensource.org/licenses/PHP-3.0},
  urldate = {2013-02-27}
}

@MISC{OSI2013a,
  author = {{Open Source Initiative}},
  title = {OSI Mailing List. License-discuss. Draft of new OSI licenses landing
	page},
  year = {2012 [y. n.st.]},
  shorttitle = {OSI License-discuss, new OSI licenses landing page, 2012},
  annote = {OSI Mailinglist Thread, der eine neue Kategorisierung der Lizenzen
	diskutiert.},
  language = {english},
  note = {FreeWeb/HTML},
  owner = {reincke},
  timestamp = {2012.07.03},
  url = {http://projects.opensource.org/pipermail/license-discuss/2012-April/000332.html},
  urldate = {2013-01-29}
}

@MISC{OSI2012d,
  author = {{Open Source Initiative}},
  title = {The [OSI] Licence Review Process},
  year = {2012 [J.o.A.]]},
  shorttitle = {The [OSI] Licence Review Process, 2012},
  annote = {Spezifiziert den Prozess der OSI, über den sie Lizenzen offiziell
	als Open Source Lizenzen bestätigt.},
  language = {english},
  note = {FreeWeb},
  owner = {reincke},
  timestamp = {2013.01.22},
  url = {http://www.opensource.org/approval},
  urldate = {2013-01-22}
}

@MISC{BsdLicense2Clause,
  author = {{Open Source Initiative}},
  title = {The BSD 2-Clause License},
  year = {2012 [J.o.A.]},
  shorttitle = {The BSD 2-Clause License, 2012},
  annote = {Die aktuellste BSD Lizenz, die auch als 2 Klausel BSD Lizenz bekannt
	ist.},
  language = {english},
  note = {FreeWeb/HTML},
  owner = {reincke},
  timestamp = {2012.07.03},
  url = {http://www.opensource.org/licenses/BSD-2-Clause},
  urldate = {2012-07-03}
}

@MISC{BsdLicense3Clause,
  author = {{Open Source Initiative}},
  title = {The BSD 3-Clause License},
  year = {2012 [J.o.A.]},
  shorttitle = {The BSD 3-Clause License, 2012},
  annote = {Die ältere BSD Lizenz, die auch als 3 Klausel BSD Lizenz bekannt
	ist.},
  language = {english},
  note = {FreeWeb/HTML},
  owner = {reincke},
  timestamp = {2012.07.03},
  url = {http://www.opensource.org/licenses/BSD-3-Clause},
  urldate = {2012-07-04}
}

@MISC{MitLicense2012a,
  author = {{Open Source Initiative}},
  title = {The MIT License},
  year = {2012 [J.o.A.]},
  shorttitle = {The MIT License, 2012},
  annote = {Die MIT Lizenz, die wohl freieste Open Source Lizenz},
  language = {english},
  note = {FreeWeb/HTML},
  owner = {reincke},
  timestamp = {2012.07.03},
  url = {http://opensource.org/licenses/mit-license.php},
  urldate = {2012-08-24}
}

@MISC{OSI2012a,
  author = {{Open Source Initiative}},
  title = {The Open Source Definition},
  year = {2012 [J.o.A.]},
  shorttitle = {The Open Source Definition, 2012},
  annote = {Diese Seite listet die 10 Regeln auf, die zusammen bestimmen, wann
	eine bestimmte Lizenz als Open Source Lizenz klassifiziert werden
	kann. Sie präsentiert die Open Source Definition. Das bedeutet auch,
	dass Software tatsächlich nur dann Open Source Software ist, wenn
	ihre Lizenz als Open Source Lizenz durch die Open Source Initiative
	bestätigt worden ist.},
  language = {english},
  note = {FreeWeb},
  owner = {reincke},
  timestamp = {2012.06.21},
  url = {http://www.opensource.org/docs/osd},
  urldate = {2012-06-21}
}

@MISC{OSI2012b,
  author = {{Open Source Initiative}},
  title = {The Open Source Licenses, alphabetically sorted},
  year = {2012 [J.o.A.]},
  shorttitle = {The Open Source Licenses, 2012},
  annote = {Listet die 10 Kriterien auf, die Lizenzen erfüllen müssen, so sie
	Open Source Lizenzen sein wollen.},
  language = {english},
  note = {FreeWeb},
  owner = {reincke},
  timestamp = {2013.01.22},
  url = {http://opensource.org/licenses/alphabetical},
  urldate = {2013-01-22}
}

@MISC{OSI2012c,
  author = {{Open Source Initiative}},
  title = {The Open Source Initiative},
  year = {2012 [J.o.A.]},
  shorttitle = {The Open Source Initiative, 2012},
  annote = {Beschreibt die Open Source Initiative, ihre Ziele und Zwecke.},
  language = {english},
  note = {FreeWeb},
  owner = {reincke},
  timestamp = {2012.06.21},
  url = {http://www.opensource.org/about/},
  urldate = {2013-01-22}
}

@MISC{Agpl30OsiLicense2007a,
  author = {{Open Source Initiative}},
  title = {GNU Affero General Public License, Version 3 (AGPL-3.0)},
  year = {2007 [n.y. of the html page itself]},
  shorttitle = {The AGPL-3.0 License (OSI), 2007},
  annote = {Die Affero Gnu Public License 3.0, wie von der OSI offeriert},
  language = {english},
  note = {FreeWeb/HTML},
  owner = {reincke},
  timestamp = {2013.04.06},
  url = {http://opensource.org/licenses/AGPL-3.0},
  urldate = {2013-04-05}
}

@MISC{Epl11OsiLicense2007a,
  author = {{Open Source Initiative}},
  title = {European Union Public License, version 1.1 (EUPL-1.1},
  year = {2007 [n.y. of the html page itself]},
  shorttitle = {EUPL-1.1 (OSI), 2007},
  annote = {Anders als bei den meisten anderen Open Source Lizenzenz bietet die
	OSI für die EUPL nur eine Landingpage an, die auf die sprachlichen
	Originale verweist.},
  language = {english},
  note = {FreeWeb/HTML},
  owner = {reincke},
  timestamp = {2013.03.04},
  url = {http://opensource.org/licenses/EUPL-1.1},
  urldate = {2013-03-04}
}

@MISC{Gpl30OsiLicense2007a,
  author = {{Open Source Initiative}},
  title = {GNU General Public License, version 3 (GPL-3.0)},
  year = {2007 [n.y. of the html page itself]},
  shorttitle = {The GPL-3.0 License (OSI), 2007},
  annote = {Die Gnu Public License 3.0, wie sie von der OSI angeboten wird.},
  language = {english},
  note = {FreeWeb/HTML},
  owner = {reincke},
  timestamp = {2013.03.06},
  url = {http://opensource.org/licenses/GPL-3.0},
  urldate = {2013-03-05}
}

@MISC{Lgpl30OsiLicense2007a,
  author = {{Open Source Initiative}},
  title = {The GNU Lesser General Public License, version 3.0 (LGPL-3.0)},
  year = {2007 [n.y. of the html page itself]},
  shorttitle = {The LGPL-3.0 License (OSI), 2007},
  annote = {Die Lesser Gnu Public License 3.0, wie sie von der OSI angeboten
	wird},
  language = {english},
  note = {FreeWeb/HTML},
  owner = {reincke},
  timestamp = {2013.03.06},
  url = {http://opensource.org/licenses/LGPL-3.0},
  urldate = {2013-03-06}
}

@MISC{Epl10OsiLicense2005a,
  author = {{Open Source Initiative}},
  title = {Eclipse Public License, Version 1.0},
  year = {2005 [n.y. of the page itself]},
  shorttitle = {EPL-1.0, 2005},
  annote = {Die Eclipse Public License 1.0 wie sie bei der OSI gelistet wird.},
  language = {english},
  note = {FreeWeb/HTML},
  owner = {reincke},
  timestamp = {2013.02.07},
  url = {http://opensource.org/licenses/EPL-1.0},
  urldate = {2013-02-20}
}

@MISC{Apl20OsiLicense2004a,
  author = {{Open Source Initiative}},
  title = {Apache License, Version 2.0},
  year = {2004 [n.y. of the page itself]},
  shorttitle = {APL-2.0, 2004},
  annote = {Die Apache 2.0 Lizenz in der von der OSI präsentierten Form},
  language = {english},
  note = {FreeWeb/HTML},
  owner = {reincke},
  timestamp = {2013.02.07},
  url = {http://opensource.org/licenses/Apache-2.0},
  urldate = {2013-02-07}
}

@MISC{Cddl10OsiLicense2004a,
  author = {{Open Source Initiative}},
  title = {Common Development and Distribution License  (CDDL-1.0)},
  year = {2004 [n.y. of the html page itself]},
  shorttitle = {The CDDL-1.0, 2004},
  annote = {Die Common Development and Distribution License 1.0 in der von der
	OSI angebotenen Form},
  language = {english},
  note = {FreeWeb/HTML},
  owner = {reincke},
  timestamp = {2013.04.19},
  url = {http://opensource.org/licenses/CDDL-1.0},
  urldate = {2013-04-19}
}

@MISC{Lgpl21OsiLicense1999a,
  author = {{Open Source Initiative}},
  title = {The GNU Lesser General Public License, version 2.1 (LGPL-2.1)},
  year = {1999 [n.y. of the html page itself]},
  shorttitle = {The LGPL-1.1 License (OSI), 1999},
  annote = {Die Lesser Gnu Public License 2.1, wie die OSI sie bereitstellt.},
  language = {english},
  note = {FreeWeb/HTML},
  owner = {reincke},
  timestamp = {2013.03.06},
  url = {http://opensource.org/licenses/LGPL-2.1},
  urldate = {2013-03-06}
}

@MISC{Gpl20OsiLicense1991a,
  author = {{Open Source Initiative}},
  title = {GNU General Public License, version 2 (GPL-2.0). Version 2, June
	1991},
  year = {1991 [o.J der Htmlseite selbst]},
  shorttitle = {The GPL-2.0 License (OSI), 1991},
  annote = {Die GPL-2.0 Version, wie sie von der OSI bereitgestellt wird.},
  language = {english},
  note = {FreeWeb/HTML},
  owner = {reincke},
  timestamp = {2012.07.03},
  url = {http://opensource.org/licenses/GPL-2.0},
  urldate = {2013-02-05}
}

@BOOK{Phillips2009a,
  author = {Douglas E. Phillips},
  title = {The Software License Unveiled. How Legislation by License Controls
	Software Access},
  address = {Oxford, New York, Auckland [etc. ...]},
  year = {2009},
  shorttitle = {The Software License Unveiled, 2009},
  publisher = {Oxford University Press},
  isbn = {978-0-19-534187-4},
  annote = {Stellt die proprietären Lizenzen den Freien oder Open Source Alternativen
	gegenüber. Das Fazit ist mutig: Proprietär lizenzierte Software sei
	Nutzbarkeits orientiert (und vernachlässige die Nutzungsrechte).
	Open Source Software dagegen sei Entwickler orientiert (und vernachlässige
	die Nutzbarkeit).},
  owner = {reincke},
  timestamp = {2012.02.28}
}

@MISC{Reincke2012a,
  author = {Karsten Reincke},
  title = {Classical Scholar Texts With Footnotes based on LaTeX, BibTeX, Koma,
	jurabib and mykeds-CSR},
  year = {2012},
  shorttitle = {Classical Scholar Texts with jurabib, 2012},
  annote = {Kurze Beschreibung und Demonstration einer subtileren Methode, Sekundärliteratur
	zu verwenden.},
  language = {english},
  note = {FreeWeb/Html},
  owner = {reincke},
  timestamp = {2013.02.10},
  url = {http://www.fodina.de/en/closedprojects/latex-addons/classical-scholar.html},
  urldate = {2013-02-10}
}

@BOOK{Reincke2012b,
  author = {Karsten Reincke},
  title = {(Geistes-) Wissenschaftliche Texte mit jurabib. Dienst am Leser,
	Dienst am Scholaren: Uber Anmerkungsapparate in Fußnoten - aber richtig.},
  address = {[n.l.]},
  year = {2012},
  shorttitle = {(Geistes-) Wissenschaftliche Texte mit jurabib, 2012},
  annote = {Weitere legitimierende Details über eine subtilere Methode, Sekundärliteratur
	angemessen zu verwenden.},
  language = {german},
  note = {FreeWeb/PDF},
  owner = {reincke},
  timestamp = {2013.02.10},
  url = {http://download.fodina.de/fodinaClassicalScholarFoNoDe.pdf},
  urldate = {2013-02-10}
}

@BOOK{RenVetRexKet2005a,
  author = {Thomas Renner and Michael Vetter and Sascha Rex and Holger Kett},
  title = {Open Source Software. Einsatzpotentiale und Wirtschaftlichkeit},
  address = {Stuttgart},
  year = {2005},
  shorttitle = {Open Source Software. Einsatzpotentiale und Wirtschaftlichkeit, 2005},
  titleaddon = {eine Studien der Fraunhofer Gesellschaft},
  publisher = {Fraunhofer IRB Verlag},
  isbn = {3-8167-7008-8},
  annote = {Diskutiert Einsatzpotentiale von OSS und offeriert eine Methodik,
	die Wirtschaftlichkeit ihres Einsatzes zu berechnen. Liefert eine
	gute Begriffssystematik und einen Softwareüberblick. Die Berechnung
	der Wirtschaftlichkeit beschränkt sich bei den Client-Rechnern auf
	eine Migration von MS-Office nach Open-Office. Pikant sind zudem
	die auf Interviews beruhenden Einschätzungen zu Vor- und Nachteilen
	von OSS. Auffallend ist auch, dass die Lizenzerfüllung nicht thematisiert
	wird, obwohl hervorgehoben wird, dass OSS gerade nicht frei von Lizenzbedingungen
	sei.},
  comment = {FaM :: UB :: Q 88.061.24},
  language = {german},
  note = {Print},
  owner = {reincke},
  timestamp = {2011.08.09}
}

@BOOK{Rose1990a,
  author = {Marshall T. Rose},
  title = {The Open Book, A Practical Perspective on OSI},
  address = {Englewood Cliffs NJ},
  year = {1990},
  shorttitle = {The Open Book, 1990},
  publisher = {Prentice Hall},
  isbn = {0-13-643016-3},
  annote = {OSI referenziert zumeist nicht die 'Open Source Initiative', sondern
	das 'Open Systems Interconnection Referenzmodell'. Hier ein älteres
	Englisch-sprachiges Werk, das 'OSI' als Netzwerkschichtung erläutert.},
  language = {english},
  note = {Print},
  owner = {reincke},
  timestamp = {2011.08.04}
}

@BOOK{Rosen2005a,
  author = {Lawrence Rosen},
  title = {Open Source Licensing. Software Freedom and Intellectual Property
	Law},
  address = {Upper Saddle River, New Jersey},
  year = {2005},
  shorttitle = {Open Source Licensing, 2005},
  publisher = {Prentice Hall PTr},
  isbn = {0-13-148787-6},
  annote = {Gründliches Buch, das verschiedene Aspekte diskutiert, indem es den
	'akademischen Lizenzen' (auch bekannt als 'permissive Lizenzen')
	die 'reziproken Lizenzen' (auch bekannt als Copy-Left-Lizenzen) gegenüberstellt.
	Man muss allerdings aufpassen: die ASL als Gegenteil der OSL über
	die Gegenüberstellung von 'reziprok' und 'nicht-reziprok' zu definieren,
	wird dem faktischen Verständnis der OSI nicht gerecht.},
  owner = {reincke},
  timestamp = {2013.01.29}
}

@BOOK{Sebald2008a,
  author = {Gerd Sebald},
  title = {Offene Wissensökonomie. Analysen zur Wissenssoziologie der Free/Open
	Source Softwareentwicklung},
  address = {Wiesbaden},
  year = {2008},
  shorttitle = {Offene Wissensökonomie, 2008},
  titleaddon = {Dissertation},
  publisher = {VS Verlag für Sozialwissenschaften},
  isbn = {978-3-531-15705-4},
  annote = {Vom praktischen Standpunkt aus ein etwas abgehobenes soziologisches
	Buch: Es versucht die Bedingungen zur Möglichkeit zu ermitteln, dass
	sich eine offene Wissensökonomie in einer kapitalistischen Umgebung
	etablieren kann. OS scheint auf GPL reduziert zu sein. Lizenzfragen
	werden auf 3 Seiten verhandelt. Allerdings skizziert das Buch die
	Genese der Idee von 'Freier Software' erfolgreich. Und es unterstreicht,
	dass die Vorläuferform der GPL - die emacs-Lizenz - noch gefordert
	hatte, alle Veränderungen öffentlich zu machen, also auch die privatesten,
	wohingegen die GPL diesen Anspruch später aufgegeben hat.},
  language = {german},
  note = {Print u. BibWeb/PDF},
  owner = {reincke},
  timestamp = {2011.08.02}
}

@BOOK{Spindler2004a,
  author = {Gerald Spindler},
  title = {Rechtsfragen bei Open Source Software},
  address = {Köln},
  year = {2004},
  shorttitle = {Rechtsfragen bei Open Source Software, 2004},
  editor = {Gerald Spindler},
  publisher = {Verlag Dr. Otto Schmidt KG},
  isbn = {3-504-56080-0},
  annote = {Basiert auf einem Rechtsgutachten. Die meisten Kapitel stammen von
	Spindler selbst und behandeln die Typen von Open Source Lizenzen,
	das Urheberrecht, das Vertragsrecht und das Haftungsrecht. Am Ende
	wird zudem ein Exkurs zum Thema BSD- und Mozilla-Lizenzen angeboten.
	In allen Fällen wird juristisch detailliert analysiert und diskutiert.},
  language = {german},
  note = {Print},
  owner = {reincke},
  timestamp = {2011.08.12}
}

@BOOK{Splittgerber2005a,
  author = {Andrea Splittgerber},
  title = {Lizenzen und Open Source rechtlicht einwandfrei nutzen. Eine klare
	Darstellung der Lizenzierung, Nutzungsrechtseinräumung und deren
	Auswirkung auf Vertragsgestaltung},
  address = {Kissing},
  year = {2005},
  shorttitle = {Lizenzen und Open Source rechtlicht einwandfrei nutzen, 2005},
  editor = {Georg F. Schröder},
  publisher = {Weka Media},
  isbn = {3-8245-1286-3},
  annote = {Die klare Darstellung bezieht sich allenfalls auf 'Lizenzen klassischer'
	Software. Ansonsten kommentiert das Buch auf eher wenigen Seiten
	nur die GPL.},
  language = {german},
  note = {Print},
  owner = {reincke},
  timestamp = {2012.03.09}
}

@ARTICLE{Stallman2009a,
  author = {Stallman, Richard},
  title = {Viewpoint: Why "Open Source" Misses the Point of Free Software},
  journal = {Commununications of the ACM},
  year = {2009},
  volume = {52},
  pages = {31-33},
  shorttitle = {Why "Open Source" Misses the Point of Free Software, 2009},
  number = {6},
  month = {June},
  address = {New York, NY, USA},
  annote = {Eine Auffrischung der älteren Position, dass Open Source Software
	als Etikett die Idee der freien Softwarenutzung nicht in den Vordergrund
	rücke: Er beziehe sich auf eine Entwicklungsmethode, während die
	'Free Software Movement' als eine soziale Bewegung gesehen werden
	solle.},
  issue = {6},
  language = {english},
  note = {BibRef/PDF},
  owner = {reincke},
  publisher = {ACM},
  timestamp = {2012.01.23},
  url = {http://doi.acm.org/10.1145/1516046.1516058},
  urldate = {2011-12-29}
}

@BOOK{StaGay2002a,
  author = {Richard M. Stallman},
  title = {Free Software, Free Society: Selected Essays of Richard M. Stallman},
  address = {Boston, MA USA},
  year = {2002},
  shorttitle = {Free Software, Free Society: Selected Essays, 2002},
  titleaddon = {[with an] Introduction by Lawrence Lessig},
  booktitle = {Free Software, Free Society: Selected Essays of Richard M. Stallman},
  editor = {Joshua Gay},
  publisher = {GNU Press},
  isbn = {1-882114-98-1},
  annote = {Eine Sammlung jener wichtigen Artikel, mit denen RMS die GNU-Philosophie
	etabliert hat.},
  language = {english},
  note = {Print},
  owner = {reincke},
  timestamp = {2011.10.12}
}

@MISC{Stallman2004a,
  author = {Richard M. Stallman},
  title = {Fighting Software Patents - Singly and Together},
  year = {n.st. [2004]},
  shorttitle = {Fighting Software Patents - Singly and Together, 2004},
  annote = {Geht auf das geplante neue Europäische Patentgesetz ein},
  language = {english},
  note = {FreeWeb/HTML},
  owner = {reincke},
  timestamp = {2013.02.19},
  url = {http://www.gnu.org/philosophy/fighting-software-patents.html},
  urldate = {2013-02-18}
}

@ARTICLE{Stallman2012a,
  author = {Richard M. Stallman},
  title = {Let’s Limit the Effect of Software Patents, Since We Can’t Eliminate
	Them},
  journal = {Wired},
  year = {2012},
  volume = {n.st.},
  pages = {wp},
  shorttitle = {Let’s Limit the Effect of Software Patents, 2012},
  month = {November},
  issn = {n.st.},
  annote = {Versucht die Herausforderung der Softwarepatente dadurch zu umgehen,
	dassdie Entwicklung, der Verbreitung und die Nutzung von Programmen
	auf und mit allgmein benutzbarer Computerhardware per Gesetz überhaupt
	keine Patentverletzungen mehr auslösen können.},
  language = {english},
  note = {FreeWeb/HTML},
  owner = {reincke},
  timestamp = {2013.02.19},
  url = {http://www.wired.com/opinion/2012/11/richard-stallman-software-patents/},
  urldate = {2013-02-18}
}

@MISC{Stallman2001b,
  author = {Richard M. Stallman},
  title = {The Danger of Software Patents},
  year = {2001},
  shorttitle = {The Danger of Software Patents, 2001},
  annote = {Eine frühe und fein ausgearbeitete Beschreibung der Wirkung von Softwarepatenten
	und wie man die Herausforderungen managen kann. [Vortrag ist mehrfach
	gehalten worden]},
  language = {english},
  note = {FreeWeb/HTML},
  owner = {reincke},
  timestamp = {2013.02.19},
  url = {http://www.gnu.org/philosophy/stallman-mec-india.html},
  urldate = {2013-02-18}
}

@BOOK{Suchomski2011a,
  author = {Bernd Suchomski},
  title = {Proprietäres Patentrecht beim Einsatz von Open Source Software. Eine
	rechtliche Analyse aus unternehmerischer Sicht},
  address = {Bonn},
  year = {2011},
  shorttitle = {Proprietäres Patentrecht beim Einsatz von Open Source Software, 2011},
  number = {3},
  series = {Medien Internet und Recht},
  publisher = {Tgramedia},
  isbn = {978-3-941192-03-4},
  annote = {Der Autor analysiert, in welchem Sinne man Patente auf der Basis
	von Open Source Software 'gewinnt' resp. 'verliert': Patente können
	in Deutschland auch aus Open Source Software heraus angemeldet werden,
	ihre Erteilung kann über den Verweis auf OS Software kaum verhindert
	werden. Allerdings erteilt jede Firma bei der Weitergabe der Software
	ein Nutzungsrecht auch an den Patenten: bei OSS ohne Copyleft-Klausel
	implizit über das Einräumen der Nutzungsrechte, bei Software mit
	Copyleft-Klauseln indirekt über die Pflicht zur Freigabe der Veränderungen
	- und bei OSS mit Patentklauseln das alles explizit.},
  language = {german},
  note = {Print},
  owner = {reincke},
  timestamp = {2012.02.21}
}

@BOOK{Taubert2006a,
  author = {Niels C. Taubert},
  title = {Produktive Anarchie?},
  address = {Bielefeld},
  year = {2006},
  shorttitle = {Produktive Anarchie, 2006},
  titleaddon = {Netzwerke freier Softwareentwicklung},
  series = {Science Studies},
  publisher = {transcript},
  isbn = {3-89942-418-2},
  annote = {Geht als soziologisches Werk der Frage nach, in welchem Sinne die
	Idee von 'Open Source' resp. 'Freier Software' auch deren Erarbeitungsstil
	beeinflusst. Grob gesagt, muss dann die Integration heterogener Aspekte
	eher über Argumentationen und Kompromisse erfolgen, als durch normative
	Zielvorgaben.},
  language = {german},
  note = {Print},
  owner = {reincke},
  timestamp = {2011.07.01}
}

@BOOK{Viesel2006a,
  author = {Edward Viesel},
  title = {Freiheit statt Freibier. Geschichte und Praxis der freien digitalen
	Welt - mit einer Einführung in Linux},
  address = {Münster},
  year = {2006},
  shorttitle = {Freiheit statt Freibier. Geschichte und Praxis der freien digitalen
	Welt. 2006},
  publisher = {Unrast-Verlag},
  isbn = {3-897771-450-7},
  annote = {Die zweite Häfte des Buches führt allgemein in GNU/Linux ein, ein
	weiteres Viertel in DRM, Formate und verwandte kollaborative Projekte.
	Und das erste Viertel skizziert die Geschichte von Open Source und
	die Idee einiger OS Lizenzen, durchaus mit interessanten, wenn auch
	nicht im einzelnen belegten Details.},
  language = {german},
  note = {Print},
  owner = {reincke},
  timestamp = {2011.10.07}
}

@BOOK{Widmer2003a,
  author = {Mike J. Widmer},
  title = {Open Source Software - Urheberrechtliche Aspekte freier Software},
  address = {Bern},
  year = {2003},
  shorttitle = {Open Source Software - Urheberrechtliche Aspekte freier Software,
	2003},
  titleaddon = {Dissertation},
  publisher = {Stämpfli Verlag},
  annote = {Spezifiziert sehr kompetent nebst Open Source Begriffen auch die
	Open Source Geschichte. Grenzt kurz 'Non Copyleft Lizenzen' und 'Copyleft
	Lizenzen' gegen Formen der propritären resp. kommerziellen Software
	etc. ab. Analysiert sodann - von der Systematik her - die Beziehungen
	von Open Source Software und (schweizer) Urheberrecht und - von der
	Paragrafenabfolge her - die Beziehungen zwischen GPL und (schweizer)
	Urheberrecht.},
  comment = {[Präsenz FaM Bibliothek Recht und Wirtschaft 05/PU 2670 W641]},
  language = {german},
  note = {Print},
  owner = {reincke},
  timestamp = {2011.08.01}
}

@MISC{wpMspl2013a,
  author = {{Wikipedia (de)}},
  title = {Microsoft Public License},
  year = {2013 [n.y.]},
  shorttitle = {Microsoft Public License, 2013},
  address = {n.l},
  annote = {Deutsche Beschreibung der MS-PL, die irrtümlich von einer Lizenz
	mit schwachen Copylefteffect ausgeht.},
  language = {german},
  note = {FreeWeb/HTML},
  owner = {reincke},
  timestamp = {2013.02.26},
  url = {http://de.wikipedia.org/wiki/Microsoft_Public_License},
  urldate = {2013-02-26}
}

@MISC{wpMsrl2013a,
  author = {{Wikipedia (de)}},
  title = {Microsoft Reciprocal License},
  year = {2013 [n.y.]},
  shorttitle = {Microsoft Public License, 2013},
  address = {n.l},
  annote = {Deutsche Erläuterung der MS-RL samt ihrer Wirkung durch schwaches
	Copyleft.},
  language = {german},
  note = {FreeWeb/HTML},
  owner = {reincke},
  timestamp = {2013.02.26},
  url = {http://de.wikipedia.org/wiki/Ms-RL},
  urldate = {2013-02-26}
}

@MISC{wpFloss2011a,
  author = {{Wikipedia (de)}},
  title = {Free/Libre Open Source Software},
  year = {2011},
  shorttitle = {Free/Libre Open Source Software, 2011},
  address = {n.l.},
  annote = {Beleuchtet den Versuch, die Trennung von Free-Software-Bewegung und
	Open-Source-Vereinigung zumindest konzeptionell durch die Nutzung
	hybrider Kunstbegriffe ala F/LOSS zu überwinden.},
  language = {german},
  note = {FreeWeb/HTML (English Version under http://en.wikipedia.org/wiki/Free\_and\_open\_source\_software)},
  owner = {reincke},
  timestamp = {2011.09.08},
  url = {http://de.wikipedia.org/wiki/FLOSS},
  urldate = {2011-09-08}
}

@MISC{wpMsSharedSources2013a,
  author = {{Wikipedia (en)}},
  title = {Shared source},
  year = {2013 [n.y.]},
  shorttitle = {Shared source, 2013},
  address = {n.l},
  annote = {Kurze Übersicht pber die verschiedenen Lizenzmodelle von Microsoft.
	Sie erklärzt auch den Unterschied zwischen der permissiven Lizenz
	MS-PL und Lizenz MS-RL mit schwachem Copyleft.},
  language = {english},
  note = {FreeWeb/HTML},
  owner = {reincke},
  timestamp = {2013.02.26},
  url = {http://en.wikipedia.org/wiki/Shared_source},
  urldate = {2013-02-26}
}

@MISC{wpPermLic2013a,
  author = {{Wikipedia (en)}},
  title = {Permissive free software licence},
  year = {2013 [J.o.A.]},
  shorttitle = {Permissive free software licence, 2013},
  address = {n.l.},
  annote = {May be read as an example for the use of the concept 'permissive
	free software licenses'.},
  language = {english},
  note = {FreeWeb/HTML},
  owner = {reincke},
  timestamp = {2013.02.02},
  url = {http://en.wikipedia.org/wiki/Permissive_free_software_licence},
  urldate = {2013-02-02}
}

@MISC{wpCopyleft2013a,
  author = {{Wikipedia (en)}},
  title = {Copyleft},
  year = {2013 [J. o.A.},
  shorttitle = {Copyleft, 2013},
  address = {n.l.},
  annote = {Beschreibt das 'strong copyleft' und das 'weak copyleft' und grenz
	sie von einander ab.},
  language = {english},
  note = {FreeWeb/HTML},
  owner = {reincke},
  timestamp = {2013.02.02},
  url = {http://en.wikipedia.org/wiki/Copyleft},
  urldate = {2013-02-02}
}

@MISC{wpMitLic2011a,
  author = {{Wikipedia (en)}},
  title = {MIT License},
  year = {2011},
  shorttitle = {MIT License, 2011},
  address = {n.l},
  annote = {Erläutert klar, dass es mehr als eine MIT-Lizenz gibt, nämlich die
	'einfachere' MIT-expat-Lizenz und die etwas komplexere MIT-X11-Lizenz.
	Aber im Kern gehören sie zur selben Lizenzklasse: sie schützen den
	Entwickler, nicht den Code.},
  language = {english},
  note = {FreeWeb/HTML},
  owner = {reincke},
  timestamp = {2011.09.20},
  url = {http://en.wikipedia.org/wiki/MIT_License},
  urldate = {2011-09-20}
}

@BOOK{Williams2002a,
  author = {Sam Williams},
  title = {Free as in Freedom. Richard Stallman's Crusade for Free Software},
  address = {Beijing [... a.a.O.]},
  year = {2002},
  shorttitle = {Free as in Freedom. Richard Stallman's Crusade for Free Software,
	2002},
  publisher = {O'Reilly},
  isbn = {0-596-00287-4},
  annote = {Die erste(?) Biographie über RMS: sie enthält so viele Interviews
	and Hintergrundinformationen, dass sie als Primärquelle genommen
	werden kann, und zwar nicht nur für die Geschichte von RMS selbst,
	sondern auch für die Geschichte der 'Freien Software' und ihrer internen
	Gegenspielerin 'Open Source'.},
  language = {english},
  note = {Print},
  owner = {reincke},
  timestamp = {2011.09.08}
}

@PROCEEDINGS{AscBauMitSee2008a,
  title = {Open Source. Kommerzialisierungsmöglichkeiten und Chancen für die
	Zusammenarbeit von Hochschulen und Unternehmen},
  year = {2008},
  shorttitle = {Open Source. Kommerzialisierungsmöglichkeiten und Chancen für die
	Zusammenarbeit von Hochschulen und Unternehmen, 2008},
  booktitle = {Open Source. Kommerzialisierungsmöglichkeiten und Chancen für die
	Zusammenarbeit von Hochschulen und Unternehmen},
  editor = {Michael Asche and Wilhelm Bauhaus and Ernest Mitschke and Bern Seel},
  number = {3},
  series = {POWeR / Patent Offensive Westfalen Ruhr},
  address = {Münster, New York, München [... u.a.O.]},
  publisher = {Waxmann},
  isbn = {978-3-8309-1845-5},
  annote = {Konzentriert sich auf Patente und Open Source als Herausforderung
	für innovative Universitäten und bietet Artikel zu verschiedenen
	Aspekten dieses Kontextes},
  language = {german},
  note = {Print},
  owner = {reincke},
  timestamp = {2011.08.16}
}

@PROCEEDINGS{BolCroLunWas2009a,
  title = {Open Source Ecosystems: Diverse Communities Interaction},
  year = {2009},
  shorttitle = {Open Source Ecosystems, 2009},
  titleaddon = {5th IFIP WG 2.13 International Conference on Open Source Systems,
	OSS 2009 Skövde, Sweden, June 3-6, 2009},
  booktitle = {Open Source Ecosystems: Diverse Communities Interaction},
  editor = {Cornelia Boldyreff and Kevin Crowston and Björn Lundell and Anthony
	I. Wassermann},
  address = {Berlin, Heidelberg u. New York},
  publisher = {Springer},
  isbn = {978-3-642-02031-5},
  annote = {Proceedings. Relevante Artikel sind einzelnd aufgeschlüsselt.},
  language = {german},
  note = {BibWeb/PDF},
  owner = {reincke},
  timestamp = {2011.08.02}
}

@PROCEEDINGS{DjoGehGraKreSpi2008a,
  title = {Urheberrecht im Alltag. Kopieren, bearbeiten, selber machen},
  year = {2008},
  shorttitle = {Urheberrecht im Alltag, 2008},
  booktitle = {Urheberrecht im Alltag. Kopieren, bearbeiten, selber machen},
  editor = {Valle Djordjevic and Robert A. Gehring and Volker Grassmuck and Till
	Kreutzer and Mathias Spiegelkamp},
  address = {Bonn},
  publisher = {Bundeszentrale für politische Bildung},
  isbn = {978-3-89331-812-4},
  annote = {Beleuchtet in mehreren Artikeln das Urheberrecht im Internet. Ist
	nicht direkt auf das Thema 'Open Source' ausgerichtet, vielmehr auf
	die 'Vervielfältigung elektronischer Güter'. Behandelt aber auch
	die Themen '(Open Source) Software', 'Freie Kulturen' und 'Creative
	Commons'.},
  language = {german},
  note = {Print},
  owner = {reincke},
  timestamp = {2011.03.16}
}

@PROCEEDINGS{DroKrePol2006a,
  title = {Die wunderbare Wissensvermehrung. Wie Open Innovation unsere Welt
	revolutioniert},
  year = {2006},
  shorttitle = {Die wunderbare Wissensvermehrung, 2006},
  booktitle = {Die wunderbare Wissensvermehrung. Wie Open Innovation unsere Welt
	revolutioniert},
  editor = {Olga Drossou and Stefan Krempl and Andreas Poltmann},
  series = {Telepolis},
  address = {Hannover},
  publisher = {Heise},
  isbn = {3-936931-38-0},
  annote = {Eine Sammlung von Artikeln, die emphatisch den freien Gedankenaustausch
	als notwendige Bedingung für Innovationen propagieren.},
  language = {german},
  note = {Print},
  owner = {reincke},
  timestamp = {2011.07.30}
}

@PROCEEDINGS{GehLut2004a,
  title = {Open Source Jahrbuch 2004. Zwischen Softwareentwicklung und Gesellschaftsmodell},
  year = {2004},
  shorttitle = {Open Source Jahrbuch, 2004},
  booktitle = {Open Source Jahrbuch 2004. Zwischen Softwareentwicklung und Gesellschaftsmodell},
  editor = {Robert A. Gehring and Bernd Lutterbeck},
  address = {Berlin},
  publisher = {Lehmanns Media},
  isbn = {3-936427-78-X},
  annote = {Erster Band der bis 2008 gepflegten Reihe. Sammelt Artikel zu heterogenen
	Themen.},
  language = {german},
  note = {Print \& FreeWeb/PDF},
  owner = {reincke},
  timestamp = {2011.05.02},
  url = {http:// www. opensourcejahrbuch. de /download/ jb2004/ Open Source Jahrbuch 2004.pdf},
  urldate = {2011-08-29}
}

@PROCEEDINGS{VdBCouJae2011a,
  title = {The International Free and Open Source Software Law Book},
  year = {2011},
  shorttitle = {The International Free and Open Source Software Law Book, 2011},
  editor = {Ywain {Van den Brande} and Shane Coughlan and Till Jaeger},
  address = {Munich (Germany)},
  publisher = {Open Source Press},
  isbn = {978-3-941841-49-9},
  annote = {Neben einer sehr kurzen Einführung enthält dieses Buch juristisch
	oriwntierte Beschreibungen des Open Source Kontextes und der Open
	Source Interpretation in verschiedenen europäischen Ländern.},
  language = {english},
  note = {Print},
  owner = {reincke},
  timestamp = {2012.02.22}
}

@comment{jabref-meta: selector_publisher:}

@comment{jabref-meta: selector_author:}

@comment{jabref-meta: selector_journal:}

@comment{jabref-meta: selector_keywords:}

