% This file was created with JabRef 2.8.1.
% Encoding: UTF8

@INBOOK{ArlBriVol2004a,
  author = {Arlt and Brinkel and Volkmann},
  title = {'BSD' - und 'Mozilla'-artige Lizenzen},
  pages = {317-372},
  year = {2004},
  shorttitle = {'BSD' - und 'Mozilla'-artige Lizenzen, 2004},
  annote = {This chapter of the book describes the thoughts of the BSD and the
	Mozilla licenses. The Mozilla licenses are taken as Copyleft licenses
	which differ from the GPL.},
  crossref = {Spindler2004a},
  language = {german},
  note = {Print},
  owner = {reincke},
  timestamp = {2011.10.11}
}

@INPROCEEDINGS{Behlendorf2009a,
  author = {Brian Behlendorf},
  title = {How Open Source Can Still Save the World},
  year = {2009},
  pages = {2},
  shorttitle = {How Open Source Can Still Save the World, 2009},
  titleaddon = {conference contribution},
  annote = {Keynote. Affirms that the style of cooperation being offered by Open
	Source Software supports also the management of general crises.},
  crossref = {BolCroLunWas2009a},
  language = {english},
  note = {BibWeb/PDF},
  owner = {reincke},
  timestamp = {2011.08.02}
}

@INPROCEEDINGS{BreGlaGra2008a,
  author = {Ulrich Bretschneider and Rainer Glaschick and Gernot Gräfe},
  title = {Ratgeber für die Veröffentlichung von Open-Source-Software durch
	eine Hochschule},
  year = {2008},
  pages = {167-188},
  shorttitle = {Ratgeber für die Veröffentlichung von Open-Source-Software durch eine
	Hochschule, 2008a},
  annote = {This article summarizes basic aspects of an Open Source publication
	succesfully. It addresses the (German) difference between copyright
	('Urheberecht') and transferring the right to use ('Nutzungsrecht').
	It mentions the problem of liability. It discusses the choice of
	an Open Source License with respect to the indented purpose and many
	things more. Nevertheless the article can't be taken as the sought-after
	'Open Source Compendium': it doesn't analyze in which cases a University
	perhaps must publish its' developments or what it must do for fulfilling
	the licenses of internally (re-)used and distributed Open Source
	Software.},
  crossref = {AscBauMitSee2008a},
  language = {german},
  note = {Print},
  owner = {reincke},
  timestamp = {2011.09.01}
}

@INPROCEEDINGS{ChrSau2008a,
  author = {Fabian Christ and Stefan Sauer},
  title = {OSS - Open-Source-Stacks},
  year = {2008},
  pages = {133-154},
  shorttitle = {OSS - Open-Source-Stacks, 2008},
  annote = {OSS is a favored abbreviation: It doesn't stand only for 'Open Source
	Software' but for 'Open Source Stacks' or even for 'Operation Support
	Systems'.},
  crossref = {AscBauMitSee2008a},
  language = {german},
  note = {Print},
  owner = {reincke},
  timestamp = {2011.09.01}
}

@INPROCEEDINGS{DroKrePol2006b,
  author = {Olga Drossou and Stefan Krempl and Andreas Poltermann},
  title = {Der Kampf um die Innovationsfreiheit: Der Big Bang des Wissens und
	seine Sprengkraft. Plädoyer für einen offenen Umgang mit Wissen im
	Interesse der Innovationskraft von Wirtschaft und Gesellschaft},
  year = {2006},
  pages = {1-10},
  shorttitle = {Der Kampf um die Innovationsfreiheit, 2006},
  titleaddon = {Editorial},
  annote = {This editorial states that collaboratively supported knowledge must
	be free if it shall evoke an augmentation of knowledge. Example for
	the new method is the Open Source collaboration which has already
	changed the style of cooperating of writers (GNU Free Documentation
	License, Creative Commons-Initiative). Patents are opposed to that
	method. But the editorial states that innovation needs a free interplay
	of forces and an exchange of knowledge as bride as possible.},
  crossref = {DroKrePol2006a},
  language = {german},
  note = {Print},
  owner = {reincke},
  timestamp = {2011.08.10}
}

@INPROCEEDINGS{Euler2006a,
  author = {Ellen Euler},
  title = {Creative Commons: Mehr Innovation durch die Öffnung des Urheberechts?},
  year = {2006},
  pages = {147-158},
  shorttitle = {Creative Commons: Mehr Innovation durch die Öffnung des Urheberechts?,
	2006},
  annote = {The article states that the German 'Urheberrecht' was developed to
	protect the common interest in new ideas: it should solve the free
	rider problem. Only the author has the right to allow or forbid the
	distribution of his works. And this right stimulates to create /
	describe new ideas. But this right is limited by the also true interests
	of the community. Therefore in Germany private citizens are ever
	allowed to cite a work or to make private copies of the work. But
	in our digital world DRM etc. disable this common right and undermine
	the 'Urheberrecht'. Creative Commons gives the possibility to grant
	rights back to the author.},
  crossref = {DroKrePol2006a},
  language = {german},
  note = {Print},
  owner = {reincke},
  timestamp = {2011.08.10}
}

@INPROCEEDINGS{Geese2006a,
  author = {Elmar Geese},
  title = {Innovation und freie Software},
  year = {2006},
  pages = {77-84},
  shorttitle = {Innovation und freie Software, 2006},
  annote = {The article states that we are living in a time of monopolizing knowledge.
	It is established by patents, drm and laws. By supporting the privatization
	of knowlegde politics undermine their aim to support innovation.
	Positive counterexamples for a free culture are the maintenance of
	Staroffice/OpenOffice or Mozilla.},
  crossref = {DroKrePol2006a},
  language = {german},
  note = {Print},
  owner = {reincke},
  timestamp = {2011.08.10}
}

@INPROCEEDINGS{GilVol2008a,
  author = {Bernard Michael Gilroy and Tobias Volpert},
  title = {Die Funktionen eines Patentsystems und ihre Bedeutung für Unternehmensausgründungen
	aus Hochschulen},
  year = {2008},
  pages = {21-39},
  shorttitle = {Die Funktionen eines Patentsystems und ihre Bedeutung für Unternehmensausgründungen
	aus Hochschulen, 2008},
  annote = {This article outlines the two social functions of a patent system:
	Firstly it shall evoke innovations by granting an exclusive right
	to use the invented results. Secondly it shall inform the scientific
	society by requiring the publication of new data. Finally the article
	argues that publishing information also evokes innovations because
	it's the base of succedding research.},
  crossref = {AscBauMitSee2008a},
  language = {german},
  note = {Print},
  owner = {reincke},
  timestamp = {2011.08.29}
}

@INPROCEEDINGS{Graefe2008a,
  author = {Gernot Gräfe},
  title = {Open-Source-Software und Open-Source-Portale - Potentiale für die
	Softwareentwicklung in Hochschulen und den Ergebnistransfer in die
	Praxis},
  year = {2008},
  pages = {55-72},
  shorttitle = {Open-Source-Software und Open-Source-Portale - Potentiale für die
	Softwareentwicklung in Hochschulen und den Ergebnistransfer in die
	Praxis, 2008},
  annote = {The article lists some opportunities of university specific open
	source software portals, as the support of the software development,
	a better reuse of the development results or a better transfer of
	the theoretical results into the praxis.},
  crossref = {AscBauMitSee2008a},
  language = {german},
  note = {Print},
  owner = {reincke},
  timestamp = {2011.08.29}
}

@INPROCEEDINGS{JanDanWos2006a,
  author = {Kurt Jansson and Patrick Danowski and Jakob Voss},
  title = {Wikipedia: Kreative Anarchie für den freien Informations- und Wissensaustausch},
  year = {2006},
  pages = {159-167},
  shorttitle = {Wikipedia: Kreative Anarchie für den freien Informations- und Wissensaustausch,
	2006},
  annote = {The article describes shortly the character of 'wikipedia', its'
	link to the encyclopedists around Diderot and the parallelism of
	Wikipedia and the Open Source development process,},
  crossref = {DroKrePol2006a},
  language = {german},
  note = {Print},
  owner = {reincke},
  timestamp = {2011.08.12}
}

@INPROCEEDINGS{Kreutzer2008a,
  author = {Till Kreutzer},
  title = {Software und Spiele kopieren[:] Das Lizenzmodell entscheidet},
  year = {2008},
  pages = {29-33},
  shorttitle = {Software und Spiele kopieren, 2008},
  annote = {Hints to the German 'Urheberrecht', which predetermines, that in
	Germany a back-up copy of software can't be forbidden by any licence
	and that all other types of copying software must explicitly be allowed
	by the connected licence.},
  crossref = {DjoGehGraKreSpi2008a},
  language = {german},
  note = {Print},
  owner = {reincke},
  timestamp = {2011.06.30}
}

@INPROCEEDINGS{Kreutzer2008b,
  author = {Till Kreutzer},
  title = {Software veröffentlichen[:] Wem gehören die Rechte?},
  year = {2008},
  pages = {163-167},
  shorttitle = {Software veröffentlichen, 2008},
  annote = {Specifies that 'Urheberrecht' and 'Verwertungsbefugnis' are initially
	linked in Germany. The right to use ('Verwertungsbefugnis') can be
	assigned to other, even generally: In Germany employed developers
	assign their right to determine the software use to their employers
	by signing the contract. But: the German 'Urheberrecht' doesn't include
	a protection of the embedded ideas.},
  crossref = {DjoGehGraKreSpi2008a},
  language = {german},
  note = {Print},
  owner = {reincke},
  timestamp = {2011.06.30}
}

@INPROCEEDINGS{Kreutzer2008c,
  author = {Till Kreutzer},
  title = {Softwarelizenzen - Beispiele[:] Und welche Lizenz nehme ich jetzt?},
  year = {2008},
  pages = {176-179},
  shorttitle = {Softwarelizenzen - Beispiele, 2008},
  annote = {Offers a case based analysis concerning the interests of the developer:
	Open Source licences can be used if he hasn't any further interests
	or if he wants to get back improvements of other developer or if
	he wants to support his name; in other cases he should use a proprietary
	licence. The different Open Source licences are not analyzed in a
	deeper sense.},
  crossref = {DjoGehGraKreSpi2008a},
  language = {german},
  note = {Print},
  owner = {reincke},
  timestamp = {2011.07.05}
}

@INPROCEEDINGS{LarDoeTim2008a,
  author = {Chrstoph Laroque and Andre Döring and Thorsten Timm},
  title = {'Give or Let Buy': Kritische Überlegungen eines Software-Ingeneurs
	zur Veröffentlichung von Software als Open-Source-Projekte},
  year = {2008},
  pages = {155-166},
  shorttitle = {'Give or Let Buy': Kritische Überlegungen, 2008},
  annote = {This article wants to address some criteria for and against the publication
	of source code, explicitly in an 'at least dimly' form. The article
	has acchieved its' goals. License challenges are not really mentioned.},
  crossref = {AscBauMitSee2008a},
  language = {german},
  note = {Print},
  owner = {reincke},
  timestamp = {2011.09.01}
}

@INPROCEEDINGS{Maass2008a,
  author = {Christian Maaß},
  title = {Zur Bedeutung des Urheber- und Patanterechts in der quelloffenen
	Softwareentwicklung},
  year = {2008},
  pages = {41-54},
  shorttitle = {Zur Bedeutung des Urheber- und Patanterechts in der quelloffenen Softwareentwicklung,
	2008},
  annote = {The article mentions that the European copryright protects the 'text',
	the patent the idea behind the text. In Europe it's possible to get
	a patent 'for' a piece of software only if the main claim concerns
	a technical invention. Nevertheless this disturbs the idea of Open
	Source Software. Finally the article hints to the patent pool established
	by the OSDL.},
  crossref = {AscBauMitSee2008a},
  language = {german},
  note = {Print},
  owner = {reincke},
  timestamp = {2011.08.29}
}

@INPROCEEDINGS{OstRotLue2006a,
  author = {Margit Osterloh and Sandra Rota and Roger Lüthi},
  title = {'Collective Invention' als neues Innovationsmodell},
  year = {2006},
  pages = {65-76},
  shorttitle = {'Collective Invention' als neues Innovationsmodell, 2006},
  annote = {The article shows that 'collective invention' can already be discovered
	in the 19th century. 'Collective invention' denotes the free exchange
	and development of ideas. In the past it took place in the volatile
	not productive phase of thinking and stopped when the main architecture
	/ design had been invented. OS development doesn't follow this pattern:
	its' free exchange is preserved because of the low costs of participation
	and the OS licenses which demand the 'Giving-Back' of inventions.},
  crossref = {DroKrePol2006a},
  language = {german},
  note = {Print},
  owner = {reincke},
  timestamp = {2011.08.10}
}

@INPROCEEDINGS{Peters2009a,
  author = {Stormy Peters},
  title = {Open Source Is Changing the Way Work Gets Done},
  year = {2009},
  pages = {1},
  shorttitle = {Open Source Is Changing the Way Work Gets Done, 2009},
  titleaddon = {conference contribution},
  annote = {Keynote. Affirms that the new methods of collaboration and communication,
	being used by Open Source development, will also change the cooparation
	of individuals and companies.},
  crossref = {BolCroLunWas2009a},
  language = {english},
  note = {BibWeb/PDF},
  owner = {reincke},
  timestamp = {2011.08.02}
}

@INPROCEEDINGS{Piller2006a,
  author = {Frank T. Piller},
  title = {User Innovation: der Kunde kann's besser},
  year = {2006},
  pages = {85-97},
  shorttitle = {User Innovation: der Kunde kann's besser, 2006},
  annote = {The article describes that the development of new sails for kite-surfing
	is supported by the end users: Similar to the OS development style
	they get CAD models freely, let their sails be sewed, and give their
	improvings as a set of bug reports back to the developer.},
  crossref = {DroKrePol2006a},
  language = {german},
  note = {Print},
  owner = {reincke},
  timestamp = {2011.08.10}
}

@INPROCEEDINGS{SeeKra2008a,
  author = {Bernd Seel and Miriam Kraft},
  title = {Einführung in das Prinzip Open Source},
  year = {2008},
  pages = {9-19},
  shorttitle = {Einführung in das Prinzip Open Source, 2008},
  annote = {This article is an introduction into the topic of the other articles
	of the collection. For that purpose it offers a really lean summary
	of the history and the ideas of Open Source. Because of the shortage
	the article seems to mislead sometimes.},
  crossref = {AscBauMitSee2008a},
  language = {german},
  note = {Print},
  owner = {reincke},
  timestamp = {2011.08.16}
}

@INPROCEEDINGS{Spielkamp2008a,
  author = {Mathias Spielkamp},
  title = {Creative Commons[:] Andere Zeiten, andere Lizenzen},
  year = {2008},
  pages = {219-221},
  shorttitle = {Spielkamp: Creative Commons, 2008},
  annote = {Very short disquisition on the usage of Creative Commons Licences},
  crossref = {DjoGehGraKreSpi2008a},
  language = {german},
  note = {Print},
  owner = {reincke},
  timestamp = {2011.03.16}
}

@INPROCEEDINGS{Spielkamp2008b,
  author = {Mathias Spielkamp},
  title = {Lessigletters-Remix[:] Die Creative-Commons-Initiative},
  year = {2008},
  pages = {223-230},
  shorttitle = {Lessigletter-Remix, 2008},
  annote = {Describes the history and the targets of the Creative Commons Licence
	movement: the principle of reciprocity - for software established
	by the FSF/GPL - is transferred to the world of texts.},
  crossref = {DjoGehGraKreSpi2008a},
  language = {german},
  note = {Print},
  owner = {reincke},
  timestamp = {2011.07.05}
}

@INCOLLECTION{Stallman1984a,
  author = {Richard M. Stallman},
  title = {The GNU Manifesto},
  year = {2002},
  pages = {31-39},
  shorttitle = {Free Software Definition, 1984},
  titleaddon = {originally written in 1984},
  annote = {One of the earliest documents delineating the idea of the GNU project
	and GNU software. The larger part of the article discusses the question
	that free software offers advantages for all users, even in the context
	of a commercial use.},
  crossref = {StaGay2002a},
  language = {english},
  note = {Print},
  owner = {reincke},
  timestamp = {2011.10.26}
}

@INCOLLECTION{Stallman1994a,
  author = {Richard M. Stallman},
  title = {Why Software Should Not Have Owners},
  year = {2002},
  pages = {45-49},
  shorttitle = {Why Software Should Not Have Owners, 1994},
  titleaddon = {originally written in 1994},
  annote = {This article repeats the statement that the society needs programs
	that people can read, fix, adapt, and improve. Instead of this software
	owners deliver black boxes that can't be studied. Additionally the
	article exemplifies some important methods to earn money with free
	software.},
  crossref = {StaGay2002a},
  language = {english},
  note = {Print},
  owner = {reincke},
  timestamp = {2011.10.26}
}

@INCOLLECTION{Stallman1996a,
  author = {Richard M. Stallman},
  title = {Free Software Definition},
  year = {2002},
  pages = {41-43},
  shorttitle = {Free Software Definition, 1996},
  titleaddon = {originally written in 1996},
  annote = {This article has defined the four constitutive features of free software:
	the freedom to run a program without any restrictions, the freedom
	to study how it works, the freedom to redistribute copies of the
	work and the freedom to improve it and to release the improvements.
	Additionally the article helps to interpret these features: The accessability
	to the sourcecode for example is a necessary condition, not a value
	itself. Or there might be free software which is not copyleft software.},
  crossref = {StaGay2002a},
  language = {english},
  note = {Print},
  owner = {reincke},
  timestamp = {2011.10.21}
}

@INCOLLECTION{Stallman1996b,
  author = {Richard M. Stallman},
  title = {Selling Free Software},
  year = {2002},
  pages = {63-65},
  shorttitle = {Selling Free Software, 1996},
  titleaddon = {originally written in 1996},
  annote = {This article opposes the myth that you should not charge money for
	distributing copies of free software. It underlines that - with one
	exception - the GPL has no requirements about how much you can charge
	for distributing a copy of free software: Following the GPL you can
	charge nothing, a penny, a dollar, or a billion dollars.},
  crossref = {StaGay2002a},
  language = {english},
  note = {Print},
  owner = {reincke},
  timestamp = {2011.10.26}
}

@INCOLLECTION{Stallman1996c,
  author = {Richard M. Stallman},
  title = {What is Copyleft?},
  year = {2002},
  pages = {89-90},
  shorttitle = {What is Copyleft?, 1996},
  titleaddon = {originally written in 1996},
  annote = {This article describes Copyleft as a method for making a programm
	free software and requiring all modified and extended versions of
	the program to be free software as well: firstly one states that
	the code is copyrighted, than - as copyright holder - one allows
	to use, modify, and redistribute the sourcecode under the condition,
	that this permission is not deleted.},
  crossref = {StaGay2002a},
  language = {english},
  note = {Print},
  owner = {reincke},
  timestamp = {2011.10.27}
}

@INCOLLECTION{Stallman1997a,
  author = {Richard M. Stallman},
  title = {The Right to Read},
  year = {2002},
  pages = {73-77},
  shorttitle = {The Right to Read, 1997},
  titleaddon = {originally written in 1997},
  annote = {From an anticipated viewpoint of the year 2096 Stallman analyzes
	a dilemma of a student who wants to help his girl friend. But he
	isn't allowed to help her because in this case it would be necessary
	to allow her to read his e-books stored on his computer. And that's
	forbidden and obstructed by a cooperation of the publisher and the
	computer companies.},
  crossref = {StaGay2002a},
  language = {english},
  note = {Print},
  owner = {reincke},
  timestamp = {2011.10.27}
}

@INCOLLECTION{Stallman1998a,
  author = {Richard M. Stallman},
  title = {Why 'Free Software' is Better than 'Open Software'},
  year = {2002},
  pages = {55-60},
  shorttitle = {Why 'Free Software' is Better than 'Open Software', 1998},
  titleaddon = {originally written in 1998},
  annote = {This article argues that the concept 'Open Source' was designed not
	to raise that users deserve freedom. And it underlines that the GNU
	project sticks to the term 'free software' for spreading the idea
	of freedom without any fear.},
  crossref = {StaGay2002a},
  language = {english},
  note = {Print},
  owner = {reincke},
  timestamp = {2011.10.26}
}

@INCOLLECTION{Stallman1999a,
  author = {Richard M. Stallman},
  title = {The GNU Project},
  year = {2002},
  pages = {15-30},
  shorttitle = {The GNU Project, 1999},
  titleaddon = {originally published in 'Open Sources: Voices from the Open Source
	Revolution, O'Reilly, 1999'},
  annote = {This article summarizes aspects of the history, the targets, and
	the philosophy of GNU.},
  crossref = {StaGay2002a},
  language = {english},
  note = {Print},
  owner = {reincke},
  timestamp = {2011.10.12}
}

@INCOLLECTION{Stallman2000a,
  author = {Richard M. Stallman},
  title = {What's in a Name?},
  year = {2002},
  pages = {51-53},
  shorttitle = {What's in a Name?, 2000},
  titleaddon = {originally written in 2000},
  annote = {The articles emphasizes to talk about 'GNU/Linux' instead of 'Linux'.
	The simple name 'Linux' facilitates to combine free and proprietary
	software so that in the end the GNU campaign for freedom might have
	been failed. In the opposite the name 'GNU/Linux' preserves and transports
	the idea of the freedom to use free software in a specific manner,
	even to those who don't automatically agree with that philosophy.},
  crossref = {StaGay2002a},
  language = {english},
  note = {Print},
  owner = {reincke},
  timestamp = {2011.10.26}
}

@INCOLLECTION{Stallman2000b,
  author = {Richard M. Stallman},
  title = {Free Software Needs Free Documentation},
  year = {2002},
  pages = {67-68},
  shorttitle = {Free Software Needs Free Documentation, 2000},
  titleaddon = {originally written in 2000},
  annote = {The article argues that Free Software needs a good free documentation
	for being practically usable: the lack of good free manuals undermine
	the freedom to be able to use free software freely.},
  crossref = {StaGay2002a},
  language = {english},
  note = {Print},
  owner = {reincke},
  timestamp = {2011.10.27}
}

@INCOLLECTION{Stallman2001a,
  author = {Richard M. Stallman},
  title = {Free Software: Freedom and Cooperation},
  year = {2002},
  pages = {155-186},
  shorttitle = {Free Software: Freedom and Cooperation, 2001},
  titleaddon = {transcript of a speech given at New York University on 29 May 2001},
  annote = {This transcript summarizes the main ideas of Free Software and their
	genesis: it tells the history of RMS.},
  crossref = {StaGay2002a},
  language = {english},
  note = {Print},
  owner = {reincke},
  timestamp = {2011.10.27}
}

@INCOLLECTION{Stallman2002a,
  author = {Richard M. Stallman},
  title = {The Danger of Software Patents},
  year = {2002},
  pages = {95-111},
  shorttitle = {The Danger of Software Patents, 2002},
  titleaddon = {transcript of a speech given at University of Cambridge, London on
	the 25th of March 2002},
  annote = {Stallman emphasizes that a patent cover ideas and the use of ideas
	while copyrights only cover the details of expression of a work.
	Then he discussed approaches to react on a patent which tries to
	influence the development.},
  crossref = {StaGay2002a},
  language = {english},
  note = {Print},
  owner = {reincke},
  timestamp = {2011.10.31}
}

@INCOLLECTION{Stallman2002b,
  author = {Richard M. Stallman},
  title = {Can You Trust Your Computer?},
  year = {2002},
  pages = {115-117},
  shorttitle = {Can You Trust Your Computer?, 2002},
  titleaddon = {[originally written in 2002]},
  annote = {The article argues that 'DRM' - realized by a 'trusted computing'
	campaign - is technically established by a key based digital encryption
	of your data. This encryption is automatically incorporated into
	your computer (software). But because the keys are kept secret from
	the owner of the machine one can say that the programs using the
	hidden keys are controlling the owner, not the owner the computer.
	Therefore RMS uses the terms 'Digitial Restriction Management' and
	'Treacherous Computing'.},
  crossref = {StaGay2002a},
  language = {english},
  note = {Print},
  owner = {reincke},
  timestamp = {2011.10.27}
}

@INPROCEEDINGS{SteHam2008a,
  author = {Marc Steinbring and Thorsten Hampel},
  title = {Connecting Babbling Bazaars - Der Open-Source-Gedanke im Wandel zum
	offenen Service},
  year = {2008},
  pages = {73-97},
  shorttitle = {Connecting Babbling Bazaars - Der Open-Source-Gedanke im Wandel zum
	offenen Service, 2008},
  annote = {The article addresses the 'symbiosis' of open structures and the
	commercial use. 'Open Source' seems to be taken as a spin doctor
	for the free WEB-2.0.},
  crossref = {AscBauMitSee2008a},
  language = {german},
  note = {Print},
  owner = {reincke},
  timestamp = {2011.09.01}
}

@BOOK{VwdjDebVEee2003a,
  author = {R. {van Wendel de Joode} and J. A. {de Bruijn} and M. J. G. {van
	Eeten}},
  title = {Protecting the Virtual Commons. Self-Organizing Open Source and Free
	Software Communities and Innovative Intellectual Property Regimes},
  address = {The Hague},
  year = {2003},
  shorttitle = {Protecting the Virtual Commons, 2003},
  number = {3},
  series = {Information Technology \& Law Series},
  publisher = {T.M.C. Asser Press},
  isbn = {90-6704-159-9},
  annote = {Beside other questions this report wants to answer the question why
	the communities have created so many different Free / Open Source
	Software licenses. The answer is perhaps a little thin: the most
	part of the licenses are derived from BSD or GPL 'to protect the
	fundamental principles of the communities'.},
  language = {english},
  note = {Print},
  owner = {reincke},
  timestamp = {2012.02.20}
}

@MISC{AsfLicenses2013a,
  author = {{Apache Software Foundation}},
  title = {Licenses},
  year = {2013 [n.y ]},
  shorttitle = {Apache Licenses, 2013},
  annote = {Tells the history of the Apache Licenses and marks the releases 1.0
	and 1.1 as 'historical' - only release 2.0 has been classified as
	an open source license by the OSI.},
  language = {english},
  note = {FreeWeb/Html},
  owner = {reincke},
  timestamp = {2013.02.24},
  url = {http://www.apache.org/licenses/},
  urldate = {2013-02-25}
}

@MISC{AsfApacheLicense20a,
  author = {{Apache Software Foundation}},
  title = {Apache License, Version 2.0},
  year = {2004},
  shorttitle = {Apache License, 2.0},
  annote = {The orignal text of the apache license. Specifies the 'Does' and
	the 'Don'ts'.},
  language = {english},
  note = {FreeWeb/Html},
  owner = {reincke},
  timestamp = {2011.08.31},
  url = {http://www.apache.org/licenses/LICENSE-2.0},
  urldate = {2011-08-31}
}

@ARTICLE{Babcock2006a,
  author = {Charles Babcock},
  title = {Big Test For Open Source GPL},
  journal = {Informationweek},
  year = {2006},
  volume = {17},
  pages = {np.},
  shorttitle = {Big Test For Open Source GPL, 2006},
  month = {December},
  annote = {The very short article refers to the famous case 'Jacobsen v. Katzer'
	and states, that it only covered the Artitistic License. For the
	GPL and under the same interpretation the Free Software Foundation
	would get the right 'to stop Cisco from using the code' - a big test.},
  language = {english},
  note = {Copy},
  owner = {reincke},
  timestamp = {2012.03.09}
}

@BOOK{Berry2008a,
  author = {David M. Berry},
  title = {Copy, Rip, Burn},
  address = {London},
  year = {2008},
  shorttitle = {Copy, Rip, Burn, 2008a},
  titleaddon = {The Politics of Copyleft and Open Source},
  publisher = {Pluto Press},
  isbn = {978-0-7453-2414-2},
  annote = {This sociological book contains at least some remarks on the open
	source history - focusing on the internal 'battles' ('from software
	to open source?') and its discources ('the contestation of code').},
  language = {english},
  note = {Print},
  owner = {reincke},
  timestamp = {2012.02.28}
}

@BOOK{Booth2010a,
  author = {David R. Booth},
  title = {Peer Production and Software. What Mozilla Has To Teach Government},
  address = {Cambridge (Massachusetts) and London (England)},
  year = {2010},
  shorttitle = {Peer Production and Software, 2010},
  series = {The John D. and Catherine T. MacArthur Foundation Reports on Digital
	Media and Learning},
  publisher = {MIT Press},
  isbn = {978-0-262-51461-3},
  annote = {The book describes some aspects of the collaboration in the Mozilla
	project and its objective Firefox.},
  language = {english},
  note = {Print},
  owner = {reincke},
  timestamp = {2012.03.09}
}

@BOOK{BruHarPicCreFieHen2004a,
  author = {Bernd Brügge and Dietmar Harhoff and Arnold Picot and Oliver Creighton
	and Marina Fiedler and Joachim Henkel},
  title = {Open-Source Software. Eine ökonomische und technische Analyse},
  address = {Berlin and Heidelberg},
  year = {2004},
  shorttitle = {Open-Source Software, 2004},
  publisher = {Springer},
  isbn = {3-540-20366-4},
  annote = {This book wants to explain central factors of OSS: it lists examples,
	clusters OS licenses, describes the development process and analyzes
	the OSS work of companies. But nevertheless it does not describe
	in a real sense what companies have to do for fulfilling the licenses.
	For the authors these obligations seem to be implicitely clear.},
  comment = {FaM BRuW 05/QH 500 B889},
  language = {german},
  note = {Print},
  owner = {reincke},
  timestamp = {2011.07.29}
}

@BOOK{Buchtala2007a,
  author = {Rouven Buchtala},
  title = {Determinanten der Open Source Software-Lizenzwahl. Eine spieltheoretische
	Analyse},
  address = {Frankfurt am Main, Berlin, Bern [... etc.]},
  year = {2007},
  shorttitle = {Determinanten der Open Source Software-Lizenzwahl, 2007},
  number = {12},
  series = {Informationsmanagement und strategische Unternehmensführung)},
  publisher = {Peter Lang},
  isbn = {978-3-631-57114-9},
  annote = {The book tries to detect why specific OS-licenses are chosen. Game
	theoretic aspects shall help to answer the question. Thereto OS-licenses
	are classified as 'permissive', 'restrictive' and 'highly restrictive'
	licenses. This differentiation highlights some necessary constraints
	for respecting a license. But the names of these categories are generated
	with respect to a company which wants to be able to (re)use and (re)sell
	OS code with minimal restrictions. The intention of the OS licensors
	to defend the licensed freedom for revocations is not covered by
	these names.},
  language = {german},
  note = {Print},
  owner = {karsten},
  timestamp = {2010.06.02}
}

@BOOK{Bygott1992,
  author = {David Bygott},
  title = {David Bygott's Gnu Book. A light-hearted look at the Gnu, or Wildebeest},
  address = {Southerton, Harare},
  year = {1992},
  shorttitle = {David Bygott's Gnu Book, 1992},
  titleaddon = {firstly published 1998},
  publisher = {Robert Woollacott},
  isbn = {0-7974-1082-1},
  annote = {Just a little witty comic book playing with the pronounciation of
	'GNU' and 'nu' or 'new': it illustrates the 'Revegnue' or the 'Sgnuker'.},
  language = {english},
  note = {Print},
  owner = {reincke},
  timestamp = {2011.08.12}
}

@BOOK{Chen2006a,
  author = {{Shun-ling} Chen},
  title = {Free/Open Source Software. Licensing},
  address = {Shri Pratap Udyog, Sriniwas Puri, New Delhi},
  year = {2006},
  shorttitle = {Free/Open Source Software. Licensing, 2006},
  publisher = {Elsevier India},
  isbn = {978-81-312-0422-1},
  annote = {This e-book shortly delineates 'Free Software' and 'Open Source Software'
	and then it describes the act of licensing itself more thoroughly.},
  language = {english},
  note = {FreeWeb/PDF},
  owner = {reincke},
  timestamp = {2013.02.02},
  url = {http://www.iosn.net/licensing/foss-licensing-primer/foss-licensing-final.pdf},
  urldate = {2013-02-02}
}

@BOOK{CoaBow2004a,
  author = {Ken Coar and Rich Bowen},
  title = {Apache Kochbuch},
  address = {Beijing [...]},
  year = {2004},
  shorttitle = {Apache Kochbuch, 2004},
  titleaddon = {deutsche Übersetzung v. Jochen Wiedmann},
  publisher = {O'Reilly},
  isbn = {3-89721-371-0},
  annote = {Significantly the 'Apache License' which has enabled the wide use
	of this http server is not discussed in this book. It doesn't ask
	wether you are allowed to use the software or under which conditions
	you may use which module, although these answers are necessary to
	do really what the book describes.},
  language = {german},
  note = {Print},
  owner = {reincke},
  timestamp = {2011.08.04}
}

@MISC{DFSG2013a,
  author = {{Debian}},
  title = {The Debian Free Software Guidelines (DFSG)},
  year = {2013 [n.y.]},
  shorttitle = {The Debian Free Software Guidelines, 2013},
  annote = {The Debian Free Software Guideline contains nine criteria for being
	free software, These criteria are embedded into the Debian Social
	Contract and are also adopted by the Open Source Definition.},
  language = {english},
  note = {FreeWeb/HTML},
  owner = {reincke},
  timestamp = {2012.07.03},
  url = {http://www.debian.org/social_contract#guidelines},
  urldate = {2013-01-22}
}

@BOOK{DeNicolo2010a,
  author = {Christopher {De Nicolò}},
  title = {Open Source Software - Rechtliche Aspekte nach deutschem und italienischem
	Recht. Eine rechtsvergleichende Studie.},
  address = {Regensburg},
  year = {2010},
  shorttitle = {Open Source Software - Rechtliche Aspekte nach deutschem und italienischem
	Recht, 2010},
  titleaddon = {Dissertation},
  publisher = {Universität Regensburg},
  annote = {Tries to describe the differences between the Italien and the German
	handling of Open Source Software: With respect to the copyright the
	OS licenses offer a nearly equal level of proctection. But the type
	of the contract seems to be differently classified: In Germany Copyleft
	licenses shall be seen as tradeoff contracts, all other OS licenses
	as a donation. In Italy contracts of donation are a problem. In return
	in both countries the licenses are equivalent with respect to the
	liability.},
  comment = {Präsenz FaM Bibliothek Recht und Wirtschaft 05/PZ 3400 D278},
  language = {german},
  note = {Print},
  owner = {reincke},
  timestamp = {2011.08.01}
}

@BOOK{Eckl2004a,
  author = {Julian Eckl},
  title = {Die politische Ökonomie der Wissenschaftsgesellschaft. Geistige Eigentumsrechte
	und die Frage des Zugangs zu Ideen},
  address = {Marburg},
  year = {2004},
  shorttitle = {Die politische Ökonomie der Wissenschaftsgesellschaft, 2004},
  publisher = {Tectum Verlag},
  isbn = {3-8288-8735-X},
  annote = {This book wants to show that for ever the concept of intellectual
	properties has been discussed controversially and that Open Source
	therefore challanges the current 'state of the art'-position legitimately.
	It contains a short but meaningful summary of the Open Source history.},
  note = {Print},
  owner = {reincke},
  timestamp = {2011.10.04}
}

@MISC{EplAndCpl2005a,
  author = {{Eclipse Foundation}},
  title = {CPL to EPL Conversion},
  year = {2013 [n.y. of the page itself]},
  shorttitle = {CPL to EPL Conversion, 2005},
  annote = {This page collects information concerning the 'transition from the
	CPL to the EPL' started in 2004 and completed in 2005.},
  language = {english},
  note = {FreeWeb/HTML},
  owner = {reincke},
  timestamp = {2013.02.07},
  url = {http://www.eclipse.org/legal/cpl2epl/},
  urldate = {2013-02-20}
}

@MISC{Epl10EclipseFoundation2005a,
  author = {{Eclipse Foundation}},
  title = {Eclipse Public License, Version 1.0},
  year = {2005 [n.y. of the page itself]},
  shorttitle = {EPL-EF-1.0, 2005},
  annote = {The Eclipse Public License 1.0, as it is presented by the Eclipse
	Foundation.},
  language = {english},
  note = {FreeWeb/HTML},
  owner = {reincke},
  timestamp = {2013.02.07},
  url = {http://www.eclipse.org/org/documents/epl-v10.php},
  urldate = {2013-02-20}
}

@MISC{EuplLicense2007de,
  author = {{Europäische Gemeinschaft} and {European commission Joinup}},
  title = {Open-Source-Lizenz für die Europäische Union},
  year = {2007},
  shorttitle = {EUPL-1.1/DE, 2007},
  annote = {The German version of the EPL - due to the OSI (http://opensource.org/licenses/EUPL-1.1)
	also the translations have been certified},
  language = {german},
  note = {FreeWeb/HTML},
  owner = {reincke},
  timestamp = {2013.02.07},
  url = {http://joinup.ec.europa.eu/system/files/DE/EUPL%20v.1.1%20-%20Lizenz.pdf},
  urldate = {2013-02-08}
}

@MISC{FsfEuplRecomment2013,
  author = {{European Community} and {European commission Joinup}},
  title = {New FSF statements on the EUPL are a step in the right direction},
  year = {2013 [n.y]},
  shorttitle = {New FSF statements on the EUPL, 2013},
  annote = {The answer of the EU to the FSF statement concerning the limited
	copyleft effect of the EUPL-1.1},
  language = {english},
  note = {FreeWeb/HTML},
  owner = {reincke},
  timestamp = {2013.03.05},
  url = {https://joinup.ec.europa.eu/community/eupl/news/new-fsf-statements-eupl-are-step-right-direction},
  urldate = {2013-03-05}
}

@MISC{EuplLicense2007en,
  author = {{European Community} and {European commission Joinup}},
  title = {European Union Public Licence v. 1.1.},
  year = {2007},
  shorttitle = {EUPL-1.1/EN, 2007},
  annote = {The English version of the EPL - due to the OSI (http://opensource.org/licenses/EUPL-1.1)
	also the translations have been certified},
  language = {english},
  note = {FreeWeb/HTML},
  owner = {reincke},
  timestamp = {2013.02.07},
  url = {http://joinup.ec.europa.eu/system/files/EN/EUPL%20v.1.1%20-%20Licence.pdf},
  urldate = {2013-02-08}
}

@BOOK{Feig1996a,
  author = {Michael Feig},
  title = {Einführung in GNU},
  address = {München and Wien},
  year = {1996},
  shorttitle = {Einführung in GNU, 1996},
  series = {Unix easy},
  publisher = {Carl Hanser Verlag},
  isbn = {3-446-18311-6},
  annote = {This elder little book concerns the GNU project as a collection of
	free tools which together shall constitute a free Unix. The GNU license
	and philosophy are very briefly discussed. But the GNU tools - mostly
	running in a shell at this time - are described in a deeper sense.
	Hence in a way this book is something like a compendium for the elder
	GNU applications.},
  comment = {FaM Bibliothek Recht und Wirtschaft 05/ST 261 U61 F297},
  language = {german},
  note = {Print},
  owner = {reincke},
  timestamp = {2011.08.01}
}

@BOOK{Fogel2006a,
  author = {Karl Fogel},
  title = {Producing Open Source Software},
  address = {Beijing, Cambridge, Köln [...]},
  year = {2006},
  shorttitle = {Producing Open Source Software, 2006},
  titleaddon = {How to Run a Successful Free Software Project},
  publisher = {O'Reilly},
  isbn = {978-0-596-00759-1},
  annote = {Well known english written standard work. Focuses on the process
	of developing Open Source Software. Licences are discussed in a small
	chapter. Describes very clearly the concepts of 'Free Software',
	'Open Source Software', 'FLOSS' and so on. Analyzes also the topic
	'License Compatibility'.},
  language = {english},
  note = {Print},
  owner = {reincke},
  timestamp = {2011.05.17}
}

@MISC{FsfLicenseList2013a,
  author = {{Free Software Foundation}},
  title = {Various Licenses and Comments about Them},
  year = {2013 [n.y.]},
  shorttitle = {Various Licenses and Comments about Them, 2013},
  annote = {The GNU list of software licenses, classified by the categories 'GPL-Compatible
	Free Software Licenses', 'GPL-Incompatible Free Software Licenses',
	and 'Nonfree Software Licenses'},
  language = {english},
  note = {FreeWeb/HTML},
  owner = {reincke},
  timestamp = {2012.07.03},
  url = {http://www.gnu.org/licenses/license-list.html},
  urldate = {2013-02-08}
}

@MISC{Gpl30FsfLicense2007a,
  author = {{Free Software Foundation}},
  title = {GNU General Public License [version 3]},
  year = {2007 [n.y. of the html page itself]},
  shorttitle = {The GPL-3.0 License (FSF), 2007},
  annote = {The GPL-3.0 license -- the current GNU license using a strong copyleft
	effect},
  language = {english},
  note = {FreeWeb/HTML},
  owner = {reincke},
  timestamp = {2013.03.06},
  url = {http://www.gnu.org/licenses/gpl.html},
  urldate = {2013-03-06}
}

@MISC{Lgpl30FsfLicense2007a,
  author = {{Free Software Foundation}},
  title = {GNU Lesser General Public License [version 3]},
  year = {2007 [n.y. of the html page itself]},
  shorttitle = {The LGPL-3.0 License (FSF), 2007},
  annote = {The LGPL-3.0 license -- the current GNU license using a weak copyleft
	effect},
  language = {english},
  note = {FreeWeb/HTML},
  owner = {reincke},
  timestamp = {2013.03.06},
  url = {http://www.gnu.org/copyleft/lesser.html},
  urldate = {2013-03-06}
}

@MISC{Lgpl21FsfLicense1999a,
  author = {{Free Software Foundation}},
  title = {GNU Lesser General Public License [Version 2.1]},
  year = {1999 [n.y. of the html page itself]},
  shorttitle = {The LGPL-2.1 License (FSF), 1999},
  annote = {The LGPL-2.1 license -- as the counterpart of the GPL-2.0 -- offers
	a weak copyleft effect.},
  language = {english},
  note = {FreeWeb/HTML},
  owner = {reincke},
  timestamp = {2013.03.06},
  url = {http://www.gnu.org/licenses/lgpl-2.1.html},
  urldate = {2013-03-06}
}

@MISC{Gpl20FsfLicense1991a,
  author = {{Free Software Foundation}},
  title = {GNU General Public License, version 2},
  year = {1991 [n.y. of the html page itself]},
  shorttitle = {The GPL-2.0 License (FSF), 1991},
  annote = {The GPL-2.0 license, using a strict copyleft. The first release was
	published in 1989. One of the main authors is probably Richard M.
	Stallman itself, even if today the Free Software Foundation is the
	copyright holder.},
  language = {english},
  note = {FreeWeb/HTML},
  owner = {reincke},
  timestamp = {2012.07.03},
  url = {http://www.gnu.org/licenses/gpl-2.0.html},
  urldate = {2013-02-05}
}

@MISC{Lgpl20FsfLicense1991a,
  author = {{Free Software Foundation}},
  title = {GNU Library General Public License [version 2.0]},
  year = {1991 [n.y. of the html page itself]},
  shorttitle = {The LGPL-2.0 License (FSF), 1991},
  annote = {The LGPL-2.0 -- the first GNU license with weak copyleft},
  language = {english},
  note = {FreeWeb/HTML},
  owner = {reincke},
  timestamp = {2013.03.25},
  url = {http://www.gnu.org/licenses/old-licenses/lgpl-2.0.html},
  urldate = {2013-03-25}
}

@MISC{FsfGnuOsLicenses2011a,
  author = {{Free Software Foundation}},
  title = {GNU Operating System[:] Licenses},
  year = {2011},
  shorttitle = {The GNU OS Licenses, 2011},
  annote = {The main entry of the license specific section of the GNU operating
	system homepage},
  language = {english},
  note = {FreeWeb/HTML},
  owner = {reincke},
  timestamp = {2013.03.25},
  url = {http://www.gnu.org/licenses/},
  urldate = {2013-03-25}
}

@BOOK{Grassmuck2002a,
  author = {Volker Grassmuck},
  title = {Freie Software. Zwischen Privat- und Gemeineigentum},
  address = {Bonn},
  year = {2002},
  shorttitle = {Grassmuck: Freie Software, 2002},
  titleaddon = {Themen und Materialien},
  publisher = {Bundeszentrale für politische Bildung},
  isbn = {3-89331-432-6},
  annote = {German standard work. The book was written in that time when Open
	Source seemed to be strange. It still offers a reasonable descriptions
	although the set of licences has grown in the mean time.},
  language = {german},
  note = {Print},
  owner = {reincke},
  timestamp = {2011.03.16}
}

@BOOK{GuiOvd2006a,
  author = {Lucie Guibault and Ot van Daalen},
  title = {Unravelling the Myth around Open Source Licenses. An Anaysis from
	A Dutch and European Law Perspective},
  address = {The Hague},
  year = {2006},
  shorttitle = {Unravelling the Myth around Open Source Licenses, 2006},
  number = {8},
  series = {IT \& Law},
  publisher = {T. M. C. Asser Press},
  isbn = {978-90-6704-214-7},
  annote = {The book describes the Open Source idea from the viewpoint of the
	Dutch legal system. It ends in five recommendations for enforcing
	the clarity of OS licenses and their usage. Except for the title
	the myth of Open Source is not explicitly mentioned or discussed.},
  language = {english},
  note = {Print},
  owner = {reincke},
  timestamp = {2012.05.17}
}

@BOOK{Heap1994a,
  author = {Nicholas Heap},
  title = {OSI-Referenzmodell ohne Geheimnis},
  address = {Hannover},
  year = {1994},
  shorttitle = {OSI-Referenzmodell ohne Geheimnis, 1994},
  titleaddon = {translated by G \& U, Flensburg},
  publisher = {Heise},
  isbn = {3-88229-045-5},
  annote = {In the most cases 'OSI' refers the 'Open Systems Interconnection
	Model', not the 'Open Source Initiative'. Here a German written book
	explaining the elder meaning of OSI as a model of network layers.},
  language = {german},
  note = {Print},
  owner = {reincke},
  timestamp = {2011.08.04}
}

@MISC{HofPfeWal2010a,
  author = {Susanne Hofmann and Sven Pfeiffer and Urs Walter},
  title = {Open Source School. Neue Synergien zwischen Schule und Kiez in Gropiusstadt.
	Architektur als sozialer Katalysator},
  year = {2010},
  shorttitle = {Neue Synergien zwischen Schule und Kiez in Gropiusstadt, 2010},
  address = {Berlin},
  annote = {Although using a seducing title the pdf file doesn't offer anything
	concerning 'Open Source Software': topic is a special kind of managing
	architecture of buildings.},
  language = {german},
  note = {BibWeb/PDF},
  owner = {reincke},
  timestamp = {2011.06.29},
  url = {http:// opus. kobv. de/ tuberlin/ volltexte/ 2010/ 2841/ pdf/ 9783798322738_content.pdf},
  urldate = {2011-07-30}
}

@MISC{ifross2011a,
  author = {ifross},
  title = {License Center},
  year = {2011 [n.y.]},
  shorttitle = {ifross Lizenz-Center, 2011},
  annote = {This page lists many more (Open Source) Licenses than the OSI itself.
	It's classifying the Open Source Licenses in those without copyleft-effect,
	in those with strict copyleft-effect and in those with restricted
	copyleft-effect - one of the most sophisticated and elaborated considerations!},
  language = {english},
  note = {FreeWeb/HTML},
  owner = {reincke},
  timestamp = {2013.02.26},
  url = {http://www.ifross.org/ifross_html/lizenzcenter-en.html},
  urldate = {2013-02-26}
}

@MISC{ifross2011b,
  author = {ifross},
  title = {Ziele, Aufgaben, Geschichte},
  year = {2011},
  shorttitle = {Ziele, Aufgaben, Geschichte, 2011},
  annote = {This page describes the targets and the history of ifross, the 'Institut
	für Rechtsfragen der Freien und Open Source Software'. It was founded
	in 2000 as a private institute which shall accompany the phenomenon
	'free software' from the viewpoint of (German) lawyers.},
  language = {german},
  note = {FreeWeb/HTML},
  owner = {reincke},
  timestamp = {2011.09.05},
  url = {http://www.ifross.org/node/16},
  urldate = {2011-09-05}
}

@MISC{ifross2011c,
  author = {ifross},
  title = {FAQ},
  year = {2011},
  shorttitle = {FAQ, 2011},
  annote = {This page presents quintessences concerning the topic 'Open Source'
	- in form of a FAQ list},
  language = {german},
  note = {FreeWeb/HTML},
  owner = {reincke},
  timestamp = {2011.09.05},
  url = {http://www.ifross.org/faq-haeufig-gestellte-fragen},
  urldate = {2011-09-05}
}

@BOOK{ifross2005a,
  author = {ifross and Till Jaeger and Olaf Koglin and Till Kreutzer and Axel
	Metzger and Carsten Schulz},
  title = {Die GPL kommentiert und erklärt},
  address = {Beijing, Cambridge, Farnham [etc ..]},
  year = {2005},
  shorttitle = {Die GPL kommentiert und erklärt, 2005},
  publisher = {O'Reilly},
  isbn = {3-89721-389-3},
  annote = {This book explains the legal implications and meaning of each GPL
	section - including the meaning of 'derivative work'},
  language = {german},
  note = {Print},
  owner = {reincke},
  timestamp = {2012.02.28}
}

@BOOK{Imhorst2004a,
  author = {Christian Imhorst},
  title = {Die Anarchie der Hacker. Richard Stallman und die Freie-Software-Bewegung},
  address = {Marburg},
  year = {2004},
  shorttitle = {Die Anarchie der Hacker, 2004},
  publisher = {Tectum Verlag},
  isbn = {3-8288-8769-4},
  annote = {This book tries - a little willfully - to tell the story of Open
	Source as a consequence of the American kind of anarchy: basically
	it mentions the two branches of this history, the personal computer
	on the one hand (lateron allegedly monopolized by Microsoft) and
	the university tradition of free collaboration and exchange.},
  language = {german},
  note = {Print},
  owner = {reincke},
  timestamp = {2012.02.20}
}

@BOOK{JaeMet2011a,
  author = {Till Jaeger and Axel Metzger},
  title = {Open Source Software. Rechtliche Rahmenbedingungen der Freien Software},
  address = {München},
  year = {2011},
  shorttitle = {Open Source Software. Rechtliche Rahmenbedingungen der Freien Software,
	2011},
  edition = {3},
  publisher = {Verlag C.H. Beck},
  annote = {This is the third current edition of the most important German standard
	work concerning Open Source Software Licenses. It retains the 'established
	structure of the chapters', adds new licenses and discusses - beside
	many other aspects - the compatibility respectively combinability
	of different licenses. Hence this work again specifies the rights
	and the duties of the software user, at least with respect to the
	most important licenses - but again regrettably not in form of a
	processable todo-list and not with distinguishing the different use
	cases of the software development process. But it retains the most
	important groundwork!},
  language = {german},
  note = {Print},
  owner = {reincke},
  timestamp = {2011.07.27}
}

@BOOK{JaeMet2006a,
  author = {Till Jaeger and Axel Metzger},
  title = {Open Source Software. Rechtliche Rahmenbedingungen der Freien Software},
  address = {München},
  year = {2006},
  shorttitle = {Open Source Software. Rechtliche Rahmenbedingungen der Freien Software,
	2006},
  edition = {2},
  publisher = {Verlag C.H. Beck},
  isbn = {3406538037},
  annote = {This is the second strongly expanded edition of the most important
	German standard work concerning Open Source Software Licenses. Like
	ifross it classifies licenses as those with 'strict copyleft clauses',
	those with 'restricted copyleft-clauses' and those without any 'copyleft-clauses'.
	Beside other aspects it now discusses how to achieve acceptance of
	an Open Source licensing and analyzes the AGB side effects. And again
	it discusses the rights and the duties of the software user, at least
	with respect to the most import Open Source Licenses - but again
	regrettably not in form of a processable todo-list and not with distinguishing
	the different use cases of the software development process. But
	naturally: it remains a very important groundwork!},
  language = {german},
  note = {Print},
  owner = {reincke},
  timestamp = {2011.07.27}
}

@BOOK{JaeMet2002a,
  author = {Till Jaeger and Axel Metzger},
  title = {Open Source Software. Rechtliche Rahmenbedingungen der Freien Software},
  address = {München},
  year = {2002},
  shorttitle = {Open Source Software. Rechtliche Rahmenbedingungen der Freien Software,
	2002},
  edition = {1},
  publisher = {Verlag C.H. Beck},
  isbn = {3406484026},
  annote = {This is the first edition of the most important German standard work
	concerning Open Source Software Licenses. It deals with many important
	topics like liability, patents, or branding, And with respect to
	each of the mentioned licenses (or license clusters) it discusses
	already the rights and the duties of the software user - but regrettably
	not in form of a processable todo-list and not with distinguishing
	the different use cases of the software development process. But
	nevertheless: it's a very important groundwork!},
  language = {german},
  note = {Print},
  owner = {reincke},
  timestamp = {2011.07.27}
}

@BOOK{Kaes2008a,
  author = {Simone Käs},
  title = {Rethinking industry practice. The emergence of openness in the embedded
	component industry},
  address = {München},
  year = {2008},
  shorttitle = {Rethinking industry practice; The emergence of openness, 2008},
  publisher = {Pro BUSINESS},
  isbn = {978-3-86805-256-5},
  annote = {This book analyzes the change to open software developement by interviewing
	'embedded-linux'-companies. The result is that openness is required
	by the customers and that practicing openness evokes a process of
	learning. The book offers a short but tellingly survey of OSS and
	their licenses, although it doesn't offer a systematical review of
	the obligations established by the different licenses.},
  comment = {FaM Bibliothek Recht und Wirtschaft 05/QP 210 K11},
  language = {english},
  note = {Print},
  owner = {reincke},
  timestamp = {2011.08.01}
}

@BOOK{Kersken2009a,
  author = {Sasche Kersken},
  title = {Apache 2.2. Das umfassende Handbuch},
  address = {Bonn},
  year = {2009},
  shorttitle = {Apache 2.2 Handbuch, 2009},
  titleaddon = {3rd, refreshed a. expanded edition},
  publisher = {Galileo Press},
  isbn = {978-8362-1325-7},
  annote = {An Apache compendium with more than 900 pages offering 2 pages concerning
	the history and the content of the Apache license.},
  language = {german},
  note = {Print},
  owner = {reincke},
  timestamp = {2011.08.31}
}

@BOOK{Koglin2007a,
  author = {Olaf Koglin},
  title = {Opensourcerecht. Die urheber- und schuldrechtlichen Beziehungen zwischen
	Lizenzgeber und Lizenznehmer bei Open Source Software am Beispiel
	der General Public License (GPL)},
  address = {Frankfurt am Main},
  year = {2007},
  shorttitle = {Opensourcerecht, 2007},
  number = {31},
  series = {Schriften zum Wirtschafts- und Medienrecht, Steuerrecht und Zivilprozeßrecht},
  publisher = {Peter Lang},
  isbn = {978-3-631-56308-3},
  annote = {Thoroughly this book analyzes the validity of GPL with respect to
	the general German right, the German copyright ('Urheberrecht') and
	the German law of contract. Additionally it discusses all paragraphs
	of the GPL and their concret meaning as part of the German right.
	Other Open Source licenses are not outlined in the same manner.currently
	it is used more than twice as much as all the others together.},
  language = {german},
  note = {Print},
  owner = {reincke},
  timestamp = {2011.08.12}
}

@BOOK{Kugler2005a,
  author = {Petra Kugler},
  title = {Coordinating Innovation: Evidence from Open Source Development},
  address = {St. Gallen},
  year = {2005},
  shorttitle = {Coordinating Innovation: Evidence from Open Source Development, 2005},
  titleaddon = {Dissertation},
  publisher = {University of. St. Gallen},
  annote = {This work focuses on the question, how informal organizations work,
	how they establish their hierarchies etc. Open Source communities
	are taken as examples. Roughly spoken their structures are volatily
	established on the base of domain and/or project knowledge. The book
	refers to Open Source licenses only and shortly as a method to found
	the free exchange of code. How to fulfill the license exactly is
	out of scope.},
  note = {Print},
  owner = {reincke},
  timestamp = {2011.08.04}
}

@ARTICLE{McAllister2003a,
  author = {Neil McAllister},
  title = {Licence to Profit [. Hybrid Open Source Licensing]},
  journal = {New Architect and Web Techniques (www.newarchitectmag.com)},
  year = {2003},
  volume = {8},
  pages = {np.},
  shorttitle = {Licence to Profit, 2003},
  annote = {A very short articel. But it describes how mysql organizes its' dual
	licensing: they let the external contributors transfer their copyright
	to MySql AB. By this step the company receives also 'the right to
	license the (modifed) product under any license (they) wish'.},
  language = {english},
  note = {Copy},
  owner = {reincke},
  timestamp = {2012.03.09}
}

@BOOK{Mla2009a,
  author = {MLA},
  title = {MLA Handbook for Writers of Research Papers},
  address = {New York},
  year = {2009},
  shorttitle = {MLA Handbook, 2009},
  edition = {7},
  publisher = {The Modern Language Association of America},
  isbn = {978-1-60329-024-1},
  annote = {The American writer style, whose merits we know and whom we nevertheless
	do not follow.},
  language = {english},
  note = {Print},
  owner = {reincke},
  timestamp = {2013.02.10}
}

@BOOK{Moody2002a,
  author = {Glyn Moody},
  title = {Rebel Code: Linux And The Open Source Revolution},
  address = {[New York]},
  year = {2002},
  shorttitle = {Rebel Code, 2002},
  publisher = {Basic Books},
  isbn = {ISBN 978-0738206707},
  annote = {The original, last version: If your friend only wants to read one
	book on the topic 'Open Source', then give him this! It tells the
	story - of nearly all aspects.},
  language = {english},
  note = {Print},
  owner = {reincke},
  timestamp = {2011.09.09}
}

@BOOK{Moody2001a,
  author = {Glyn Moody},
  title = {Die Software-Rebellen. Die Erfolgsstory von Linus Torvalds und Linux},
  address = {Landsberg am Lech},
  year = {2001},
  shorttitle = {Die Software-Rebellen, 2001},
  titleaddon = {transl. from the American [edition, 2000] by Annemarie Pumpering},
  publisher = {verlag moderne industrie},
  isbn = {3-478-38730-2},
  annote = {If your friend only wants to read one book on the topic 'Open Source',
	then give him this! It tells the story - of nearly all aspects.},
  language = {german},
  note = {Print},
  owner = {reincke},
  timestamp = {2011.09.09}
}

@MISC{Mpl11MozFoundation2013a,
  author = {{Mozilla Foundation}},
  title = {Mozilla Public License Version 1.1},
  year = {2013 [n.y.]},
  shorttitle = {Mozilla Public License Version 1.1, 2013},
  annote = {The Mozilla Public License 1.1 as it is offered by the Mozilla Foundation},
  language = {english},
  note = {FreeWeb/HTML},
  owner = {reincke},
  timestamp = {2013.03.05},
  url = {http://www.mozilla.org/MPL/1.1/},
  urldate = {2013-03-05}
}

@MISC{Mpl11To20MozFoundation2013a,
  author = {{Mozilla Foundation}},
  title = {About MPL 2.0: Revision Process and Changes FAQ},
  year = {2013 [n.y.]},
  shorttitle = {MPL 2.0: Revision Process and Changes, 2013},
  annote = {Differences between the MPL-1.1 and MPL-2.0: The mozilla foundation
	itself says thatt the most important part of the license - the file-level
	copyleft - is essentially the same in MPL 2.0 and MPL 1.1.},
  language = {english},
  note = {FreeWeb/HTML},
  owner = {reincke},
  timestamp = {2013.03.05},
  url = {http://www.mozilla.org/MPL/1.1/},
  urldate = {2013-03-05}
}

@MISC{Mpl20MozFoundation2012a,
  author = {{Mozilla Foundation}},
  title = {Mozilla Public License 2.0 (MPL-2.0)},
  year = {2012},
  shorttitle = {Mozilla Public License 2.0 (MPL-2.0), 2012},
  annote = {The Mozilla Public License 2.0 as it is offered by the Mozilla Foundation},
  language = {english},
  note = {FreeWeb/HTML},
  owner = {reincke},
  timestamp = {2013.03.05},
  url = {http://www.mozilla.org/MPL/2.0/},
  urldate = {2013-03-05}
}

@BOOK{Mundhenke2007a,
  author = {Jens Mundhenke},
  title = {Wettbewerbswirkungen von Open-Source-Software und offenen Standards
	auf Softwaremärkten},
  address = {Berlin, Heidelberg, and New York},
  year = {2007},
  shorttitle = {Wettbewerbswirkungen von Open-Source-Software und offenen Standards
	auf Softwaremärkten, 2007},
  number = {338},
  series = {Kiel Studies},
  publisher = {Springer},
  isbn = {978-540-71415-6},
  annote = {This book asks why and how Open Source Software successfully works
	as part of the economic markets. One answer shall be that OSS increments
	the competitive pressure by offering an alternative. Fort analyzing
	the topic the book follows the 'natural' structure of handling Open
	Source: it explains the concept, classifies the licenses as Copyleft,
	Noncopyleft, Public Domain and proprietary, and gives a summary of
	the OSS history.},
  language = {german},
  note = {Print},
  owner = {reincke},
  timestamp = {2011.09.29}
}

@MISC{Netcraft2011a,
  author = {Netcraft},
  title = {August 2011 Web Server Survey},
  year = {2011},
  shorttitle = {Web Server Survey, 08/2011},
  annote = {Monthly offered statistic counting sites and their delivering web
	servers: Following this sheet the apache http server is the most
	often used software since 1996. And currently it is used more than
	twice as much as all the others together.},
  language = {english},
  note = {FreeWeb/Html},
  owner = {reincke},
  timestamp = {2011.08.31},
  url = {http://news.netcraft.com/archives/2011/08/05/august-2011-web-server-survey-3.html},
  urldate = {2011-08-31}
}

@BOOK{Oberhem2008a,
  author = {Carolina Oberhem},
  title = {Vertrags- und Haftungsfragen beim Vertrieb von Open Source Software},
  address = {Hamburg},
  year = {2008},
  shorttitle = {Vertrags- und Haftungsfragen beim Vertrieb von Open Source Software,
	2008},
  titleaddon = {Dissertation},
  number = {50},
  series = {Recht der Neuen Medien},
  publisher = {Verlag Dr. Kova\v{c}},
  isbn = {978-3-8300-4075-0},
  annote = {The book analyzes the liability of authors and distributors of GPL
	licensed software. This is necessary because in Germany the NO-Warranty
	clauses of the GPL are not applicable. They are substituted by the
	rules of 'gifts'. In this sense private authors and distributors
	are only liable in case of acting deliberately ["vorsätzlich"] or
	strongly negligently ["grob fahrlässig"]. Additionally commercial
	distributors must thouroughly check whether a program might damage
	a customer. But commercial distributors have the full liability for
	their additionally offered specific services. Beside the 'AGB' character
	and the typus of GPL as a contract the book refers the idea of Open
	Source seriously.},
  comment = {[Präsenz FaM Bibliothek Recht und Wirtschaft 05/PZ 3300 012]},
  language = {german},
  note = {Print},
  owner = {reincke},
  timestamp = {2011.08.01}
}

@MISC{Mpl20OsiLicense2013a,
  author = {{Open Source Initiative}},
  title = {Mozilla Public License 2.0 (MPL-2.0)},
  year = {2013 [n.y.]},
  shorttitle = {The MPL-2.0 License (OSI), 2013},
  annote = {The Mozilla Public License 2.0 as it is offered by the OSI},
  language = {english},
  note = {FreeWeb/HTML},
  owner = {reincke},
  timestamp = {2013.02.07},
  url = {http://opensource.org/licenses/MPL-2.0},
  urldate = {2013-02-07}
}

@MISC{MsplOsiLicense2013a,
  author = {{Open Source Initiative}},
  title = {Microsoft Public License (MS-PL)},
  year = {2013 [n.y.]},
  shorttitle = {MS-PL, 2013},
  annote = {The Microsoft Public License, as it is presented by the OSI},
  language = {english},
  note = {FreeWeb/HTML},
  owner = {reincke},
  timestamp = {2013.02.26},
  url = {http://opensource.org/licenses/MS-PL},
  urldate = {2013-02-26}
}

@MISC{OSI2013b,
  author = {{Open Source Initiative}},
  title = {Open Source Licenses by Category},
  year = {2013 [n.y.]},
  shorttitle = {The Open Source Licenses by Category, 2013},
  annote = {This page categorizes the approved Open Source Licenses},
  language = {english},
  note = {FreeWeb},
  owner = {reincke},
  timestamp = {2013.01.22},
  url = {http://opensource.org/licenses/category},
  urldate = {2013-01-29}
}

@MISC{PglOsiLicense2013a,
  author = {{Open Source Initiative}},
  title = {The PostgreSQL Licence (PostgreSQL)},
  year = {2013 [n.y.]},
  shorttitle = {PostgreSQL License, 2013},
  annote = {The PostgreSQL license, as it is presented by the OSI},
  language = {english},
  note = {FreeWeb/HTML},
  owner = {reincke},
  timestamp = {2013.02.27},
  url = {http://opensource.org/licenses/PostgreSQL},
  urldate = {2013-02-27}
}

@MISC{Php30OsiLicense2013a,
  author = {{Open Source Initiative}},
  title = {The PHP License 3.0 (PHP-3.0)},
  year = {2013 [n.y.]},
  shorttitle = {PHP-3.0, 2013},
  annote = {The PHP-3.0 license, as it is presented by the OSI},
  language = {english},
  note = {FreeWeb/HTML},
  owner = {reincke},
  timestamp = {2013.02.27},
  url = {http://opensource.org/licenses/PHP-3.0},
  urldate = {2013-02-27}
}

@MISC{BsdLicense2Clause,
  author = {{Open Source Initiative}},
  title = {The BSD 2-Clause License},
  year = {2012 [n.y.]},
  shorttitle = {The BSD 2-Clause License, 2012},
  annote = {The latest current BSD license, known as 2 clause BSD license.},
  language = {english},
  note = {FreeWeb/HTML},
  owner = {reincke},
  timestamp = {2012.07.03},
  url = {http://www.opensource.org/licenses/BSD-2-Clause},
  urldate = {2012-07-03}
}

@MISC{BsdLicense3Clause,
  author = {{Open Source Initiative}},
  title = {The BSD 3-Clause License},
  year = {2012 [n.y.]},
  shorttitle = {The BSD 3-Clause License, 2012},
  annote = {The elder BSD license, known as 3 clause BSD license.},
  language = {english},
  note = {FreeWeb/HTML},
  owner = {reincke},
  timestamp = {2012.07.03},
  url = {http://www.opensource.org/licenses/BSD-3-Clause},
  urldate = {2012-07-04}
}

@MISC{MitLicense2012a,
  author = {{Open Source Initiative}},
  title = {The MIT License},
  year = {2012 [n.y.]},
  shorttitle = {The MIT License, 2012},
  annote = {The MIT license, the most permissive Open Source License},
  language = {english},
  note = {FreeWeb/HTML},
  owner = {reincke},
  timestamp = {2012.07.03},
  url = {http://opensource.org/licenses/mit-license.php},
  urldate = {2012-08-24}
}

@MISC{OSI2012a,
  author = {{Open Source Initiative}},
  title = {The Open Source Definition},
  year = {2012 [n.y.]},
  shorttitle = {The Open Source Definition, 2012},
  annote = {This page lists the ten rules which together specify under which
	conditions a specific license can be classified as Open Source license.
	It presents the Open Source Definition. So, a piece of software is
	only then Open Source Software, if its license has been approved
	as an Open Source License by the Open Source Initiative.},
  language = {english},
  note = {FreeWeb},
  owner = {reincke},
  timestamp = {2012.06.21},
  url = {http://www.opensource.org/docs/osd},
  urldate = {2012-06-21}
}

@MISC{OSI2012b,
  author = {{Open Source Initiative}},
  title = {The Open Source Licenses, alphabetically sorted},
  year = {2012 [n.y.]},
  shorttitle = {The Open Source Licenses, alphabetically sorted, 2012},
  annote = {This page lists the approved Open Source Licenses},
  language = {english},
  note = {FreeWeb},
  owner = {reincke},
  timestamp = {2013.01.22},
  url = {http://opensource.org/licenses/alphabetical},
  urldate = {2013-01-22}
}

@MISC{OSI2012c,
  author = {{Open Source Initiative}},
  title = {The Open Source Initiative},
  year = {2012 [n.y.]},
  shorttitle = {The Open Source Initiative, 2012},
  annote = {By this page the Open Source Initiative describes itself, its' targets
	and goals.},
  language = {english},
  note = {FreeWeb},
  owner = {reincke},
  timestamp = {2012.06.21},
  url = {http://www.opensource.org/about/},
  urldate = {2013-01-22}
}

@MISC{OSI2012d,
  author = {{Open Source Initiative}},
  title = {The [OSI] Licence Review Process},
  year = {2012 [n.y.]},
  shorttitle = {The [OSI] Licence Review Process, 2012},
  annote = {By this page, the OSI describes its' approval process},
  language = {english},
  note = {FreeWeb},
  owner = {reincke},
  timestamp = {2013.01.22},
  url = {http://www.opensource.org/approval},
  urldate = {2013-01-22}
}

@MISC{OSI2013a,
  author = {{Open Source Initiative}},
  title = {OSI Mailing List. License-discuss. Draft of new OSI licenses landing
	page},
  year = {2012 [n.y.]},
  shorttitle = {OSI License-discuss, new OSI licenses landing page, 2012},
  annote = {Thread discussing a new license taxononmy.},
  language = {english},
  note = {FreeWeb/HTML},
  owner = {reincke},
  timestamp = {2012.07.03},
  url = {http://projects.opensource.org/pipermail/license-discuss/2012-April/000332.html},
  urldate = {2013-01-29}
}

@MISC{Agpl30OsiLicense2007a,
  author = {{Open Source Initiative}},
  title = {GNU Affero General Public License, Version 3 (AGPL-3.0)},
  year = {2007 [n.y. of the html page itself]},
  shorttitle = {The AGPL-3.0 License (OSI), 2007},
  annote = {The Affero Gnu Public License 3.0 as it is offered by the OSI},
  language = {english},
  note = {FreeWeb/HTML},
  owner = {reincke},
  timestamp = {2013.04.06},
  url = {http://opensource.org/licenses/AGPL-3.0},
  urldate = {2013-04-05}
}

@MISC{Eupl11OsiLicense2007a,
  author = {{Open Source Initiative}},
  title = {European Union Public License, version 1.1 (EUPL-1.1},
  year = {2007 [n.y. of the html page itself]},
  shorttitle = {EUPL-1.1 (OSI), 2007},
  annote = {In contrast to most of the other approved open source licenses, the
	OSI is offering the European Union Public Licences only as a page
	linked to the multi lingual versions of EUPL.},
  language = {english},
  note = {FreeWeb/HTML},
  owner = {reincke},
  timestamp = {2013.03.04},
  url = {http://opensource.org/licenses/EUPL-1.1},
  urldate = {2013-03-04}
}

@MISC{Gpl30OsiLicense2007a,
  author = {{Open Source Initiative}},
  title = {GNU General Public License, version 3 (GPL-3.0)},
  year = {2007 [n.y. of the html page itself]},
  shorttitle = {The GPL-3.0 License (OSI), 2007},
  annote = {The Gnu Public License 3.0 as it is offered by the OSI},
  language = {english},
  note = {FreeWeb/HTML},
  owner = {reincke},
  timestamp = {2013.03.06},
  url = {http://opensource.org/licenses/GPL-3.0},
  urldate = {2013-03-05}
}

@MISC{Lgpl30OsiLicense2007a,
  author = {{Open Source Initiative}},
  title = {The GNU Lesser General Public License, version 3.0 (LGPL-3.0)},
  year = {2007 [n.y. of the html page itself]},
  shorttitle = {The LGPL-3.0 License (OSI), 2007},
  annote = {The Lesser Gnu Public License 3.0, as it is offered by the OSI},
  language = {english},
  note = {FreeWeb/HTML},
  owner = {reincke},
  timestamp = {2013.03.06},
  url = {http://opensource.org/licenses/LGPL-3.0},
  urldate = {2013-03-06}
}

@MISC{Epl10OsiLicense2005a,
  author = {{Open Source Initiative}},
  title = {Eclipse Public License, Version 1.0},
  year = {2005 [n.y. of the page itself]},
  shorttitle = {EPL-1.0, 2005},
  annote = {The Eclipse Public License 1.0, as it is presented by the OSI},
  language = {english},
  note = {FreeWeb/HTML},
  owner = {reincke},
  timestamp = {2013.02.07},
  url = {http://opensource.org/licenses/EPL-1.0},
  urldate = {2013-02-20}
}

@MISC{Apl20OsiLicense2004a,
  author = {{Open Source Initiative}},
  title = {Apache License, Version 2.0},
  year = {2004 [n.y. of the page itself]},
  shorttitle = {APL-2.0, 2004},
  annote = {The Apache 2.0 license, as it is presented by the OSI},
  language = {english},
  note = {FreeWeb/HTML},
  owner = {reincke},
  timestamp = {2013.02.07},
  url = {http://opensource.org/licenses/Apache-2.0},
  urldate = {2013-02-07}
}

@MISC{Cddl10OsiLicense2004a,
  author = {{Open Source Initiative}},
  title = {Common Development and Distribution License (CDDL-1.0)},
  year = {2004 [n.y. of the html page itself]},
  shorttitle = {The CDDL-1.0, 2004},
  annote = {The Common Development and Distribution License 1.0 as it is offered
	by the OSI},
  language = {english},
  note = {FreeWeb/HTML},
  owner = {reincke},
  timestamp = {2013.04.19},
  url = {http://opensource.org/licenses/CDDL-1.0},
  urldate = {2013-04-19}
}

@MISC{Lgpl21OsiLicense1999a,
  author = {{Open Source Initiative}},
  title = {The GNU Lesser General Public License, version 2.1 (LGPL-2.1)},
  year = {1999 [n.y. of the html page itself]},
  shorttitle = {The LGPL-2.1 License (OSI), 1999},
  annote = {The Lesser Gnu Public License 2.1, as it is offered by the OSI},
  language = {english},
  note = {FreeWeb/HTML},
  owner = {reincke},
  timestamp = {2013.03.06},
  url = {http://opensource.org/licenses/LGPL-2.1},
  urldate = {2013-03-06}
}

@MISC{Gpl20OsiLicense1991a,
  author = {{Open Source Initiative}},
  title = {GNU General Public License, version 2 (GPL-2.0). Version 2, June
	1991},
  year = {1991 [n.y. of the html page itself]},
  shorttitle = {The GPL-2.0 License (OSI), 1991},
  annote = {The Gnu Public License 2.0 as it is offered by the OSI},
  language = {english},
  note = {FreeWeb/HTML},
  owner = {reincke},
  timestamp = {2012.07.03},
  url = {http://opensource.org/licenses/GPL-2.0},
  urldate = {2013-02-05}
}

@BOOK{Phillips2009a,
  author = {Douglas E. Phillips},
  title = {The Software License Unveiled. How Legislation by License Controls
	Software Access},
  address = {Oxford, New York, Auckland [etc. ...]},
  year = {2009},
  shorttitle = {The Software License Unveiled, 2009},
  publisher = {Oxford University Press},
  isbn = {978-0-19-534187-4},
  annote = {This book contrasts the proprietary licenses and their Free and/or
	Open Source alternatives. The conclusion is daring: Proprietary software
	is described as being focused on the usability (and disregarding
	the rights of the user), Open Source Software as being focused on
	the developer (and neglecting the usability).},
  owner = {reincke},
  timestamp = {2012.02.28}
}

@MISC{Reincke2012a,
  author = {Karsten Reincke},
  title = {Classical Scholar Texts With Footnotes based on LaTeX, BibTeX, Koma,
	jurabib and mykeds-CSR},
  year = {2012},
  shorttitle = {Classical Scholar Texts with jurabib, 2012},
  annote = {Short description and demonstration of a subtler use of secondary
	literature},
  language = {english},
  note = {FreeWeb/Html},
  owner = {reincke},
  timestamp = {2013.02.10},
  url = {http://www.fodina.de/en/closedprojects/latex-addons/classical-scholar.html},
  urldate = {2013-02-10}
}

@BOOK{Reincke2012b,
  author = {Karsten Reincke},
  title = {(Geistes-) Wissenschaftliche Texte mit jurabib. Dienst am Leser,
	Dienst am Scholaren: Uber Anmerkungsapparate in Fußnoten - aber richtig.},
  address = {[n.l.]},
  year = {2012},
  shorttitle = {(Geistes-) Wissenschaftliche Texte mit jurabib, 2012},
  annote = {More legitimizing details on a subtler method to use secondary literature
	adequately.},
  language = {german},
  note = {FreeWeb/PDF},
  owner = {reincke},
  timestamp = {2013.02.10},
  url = {http://download.fodina.de/fodinaClassicalScholarFoNoDe.pdf},
  urldate = {2013-02-10}
}

@BOOK{RenVetRexKet2005a,
  author = {Thomas Renner and Michael Vetter and Sascha Rex and Holger Kett},
  title = {Open Source Software. Einsatzpotentiale und Wirtschaftlichkeit},
  address = {Stuttgart},
  year = {2005},
  shorttitle = {Open Source Software. Einsatzpotentiale und Wirtschaftlichkeit, 2005},
  titleaddon = {eine Studien der Fraunhofer Gesellschaft},
  publisher = {Fraunhofer IRB Verlag},
  isbn = {3-8167-7008-8},
  annote = {The study discusses potentials of OSS and offers a method to compute
	its' cost effectiveness. It presents a good survey of the underlying
	concepts and a list of OS applications. For client mashines the computation
	of the cost effectiveness refers only to the migration from MS-Office
	to Open-Office. Unfortunately the list of advantages and disadvantages
	based on interviews is a little inconsistent. Remarkably is also
	that the study doesn't focus on the act of fulfilling an OS license
	although it highlights, that OSS is not free of license conditions.},
  comment = {FaM :: UB :: Q 88.061.24},
  language = {german},
  note = {Print},
  owner = {reincke},
  timestamp = {2011.08.09}
}

@BOOK{Rose1990a,
  author = {Marshall T. Rose},
  title = {The Open Book, A Practical Perspective on OSI},
  address = {Englewood Cliffs NJ},
  year = {1990},
  shorttitle = {The Open Book, 1990},
  publisher = {Prentice Hall},
  isbn = {0-13-643016-3},
  annote = {In the most cases 'OSI' refers the 'Open Systems Interconnection
	Model', not the 'Open Source Initiative'. Here an English written
	book explaining the elder meaning of OSI as a model of network layers.},
  language = {english},
  note = {Print},
  owner = {reincke},
  timestamp = {2011.08.04}
}

@BOOK{Rosen2005a,
  author = {Lawrence Rosen},
  title = {Open Source Licensing. Software Freedom and Intellectual Property
	Law},
  address = {Upper Saddle River, New Jersey},
  year = {2005},
  shorttitle = {Open Source Licensing, 2005},
  publisher = {Prentice Hall PTr},
  isbn = {0-13-148787-6},
  annote = {Well-conceived book which discusses different aspects by contrasting
	the Academic Licenses (also known as permissive Open Source Licenses)
	and the Reciprocal Licenses (also known as copylefted Open Source
	Licenses). But one has to be careful: to define the opposite of ASL
	and OSL by the opposite of recirpocal and not reciprocal licenses
	does not match the set of OSL in the sense of the OSI.},
  owner = {reincke},
  timestamp = {2013.01.29}
}

@BOOK{Sebald2008a,
  author = {Gerd Sebald},
  title = {Offene Wissensökonomie. Analysen zur Wissenssoziologie der Free/Open
	Source Softwareentwicklung},
  address = {Wiesbaden},
  year = {2008},
  shorttitle = {Offene Wissensökonomie, 2008},
  titleaddon = {Dissertation},
  publisher = {VS Verlag für Sozialwissenschaften},
  isbn = {978-3-531-15705-4},
  annote = {From the practical viewpoint a withdrawn socialogical book: tries
	to discuss the conditions for the possibility that an open knowledge
	economy establishes itself in a captalist environment. OS seems to
	be reduced to GPL. License questions are discussed on only 3 pages.
	But at least the book outlines the evolution of the idea 'Free Software'.
	And it highlights that the forerunner of the GPL - the emacs license
	- had still required to publish all changings - even the most private
	improvements - whereas later on the GPL gave up this condition.},
  language = {german},
  note = {Print a. BibWeb/PDF},
  owner = {reincke},
  timestamp = {2011.08.02}
}

@BOOK{Spindler2004a,
  author = {Gerald Spindler},
  title = {Rechtsfragen bei Open Source Software},
  address = {Köln},
  year = {2004},
  shorttitle = {Rechtsfragen bei Open Source Software, 2004},
  editor = {Gerald Spindler},
  publisher = {Verlag Dr. Otto Schmidt KG},
  isbn = {3-504-56080-0},
  annote = {This book is based upon a legal opinion. Most of the chapters are
	written by Spindler himself and deal with the Open Source License
	types, the German Copyright ('Urheberrecht'), the German contract
	right ('Vertragsrecht') and the German liability law ('Haftungsrecht').
	At the end it contains an excursus dealing with BSD and Mozilla licenses.
	In all cases the chapters deeply discuss different aspects of the
	topic.},
  language = {german},
  note = {Print},
  owner = {reincke},
  timestamp = {2011.08.12}
}

@BOOK{Splittgerber2005a,
  author = {Andrea Splittgerber},
  title = {Lizenzen und Open Source rechtlicht einwandfrei nutzen. Eine klare
	Darstellung der Lizenzierung, Nutzungsrechtseinräumung und deren
	Auswirkung auf Vertragsgestaltung},
  address = {Kissing},
  year = {2005},
  shorttitle = {Lizenzen und Open Source rechtlicht einwandfrei nutzen, 2005},
  editor = {Georg F. Schröder},
  publisher = {Weka Media},
  isbn = {3-8245-1286-3},
  annote = {The book describes the classical licenses detailedly. The Open Source
	part concerns only the GPL, on only a very few pages.},
  language = {german},
  note = {Print},
  owner = {reincke},
  timestamp = {2012.03.09}
}

@ARTICLE{Stallman2009a,
  author = {Stallman, Richard},
  title = {Viewpoint: Why "Open Source" Misses the Point of Free Software},
  journal = {Commununications of the ACM},
  year = {2009},
  volume = {52},
  pages = {31-33},
  shorttitle = {Why "Open Source" Misses the Point of Free Software, 2009},
  number = {6},
  month = {June},
  address = {New York, NY, USA},
  annote = {A newer refreshment of the elder position that open source software
	as label does not emphasize the idea of freedom: it refers to a development
	methodolgy while free software should be seen as a social movement.},
  issue = {6},
  language = {english},
  note = {BibRef/PDF},
  owner = {reincke},
  publisher = {ACM},
  timestamp = {2012.01.23},
  url = {http://doi.acm.org/10.1145/1516046.1516058},
  urldate = {2011-12-29}
}

@BOOK{StaGay2002a,
  author = {Richard M. Stallman},
  title = {Free Software, Free Society: Selected Essays of Richard M. Stallman},
  address = {Boston, MA USA},
  year = {2002},
  shorttitle = {Free Software, Free Society: Selected Essays, 2002},
  titleaddon = {[with an] Introduction by Lawrence Lessig},
  booktitle = {Free Software, Free Society: Selected Essays of Richard M. Stallman},
  editor = {Joshua Gay},
  publisher = {GNU Press},
  isbn = {1-882114-98-1},
  annote = {A collection of those important articles by which RMS has established
	the philosophy of GNU.},
  language = {english},
  note = {Print},
  owner = {reincke},
  timestamp = {2011.10.12}
}

@MISC{Stallman2004a,
  author = {Richard M. Stallman},
  title = {Fighting Software Patents - Singly and Together},
  year = {n.st. [2004]},
  shorttitle = {Fighting Software Patents - Singly and Together, 2004},
  annote = {Deals with the fight against the planned new European patent law},
  language = {english},
  note = {FreeWeb/HTML},
  owner = {reincke},
  timestamp = {2013.02.19},
  url = {http://www.gnu.org/philosophy/fighting-software-patents.html},
  urldate = {2013-02-18}
}

@ARTICLE{Stallman2012a,
  author = {Richard M. Stallman},
  title = {Let’s Limit the Effect of Software Patents, Since We Can’t Eliminate
	Them},
  journal = {Wired},
  year = {2012},
  volume = {n.st.},
  pages = {wp},
  shorttitle = {Let’s Limit the Effect of Software Patents, 2012},
  month = {January},
  issn = {n.st.},
  annote = {Tries to solve the challenge of software patents by '[...] (legislating)
	that developing, distributing, or running a program on generally
	used computing hardware does not constitute patent infringement'.},
  language = {english},
  note = {FreeWeb/HTML},
  owner = {reincke},
  timestamp = {2013.02.19},
  url = {http://www.wired.com/opinion/2012/11/richard-stallman-software-patents/},
  urldate = {2013-02-18}
}

@MISC{Stallman2001b,
  author = {Richard M. Stallman},
  title = {The Danger of Software Patents},
  year = {2001},
  shorttitle = {The Danger of Software Patents, 2001},
  annote = {An early and elaborated description of possible effects and software
	patents and how to manage the corresponding challenges. [Lecture
	as given more than one time]},
  language = {english},
  note = {FreeWeb/HTML},
  owner = {reincke},
  timestamp = {2013.02.19},
  url = {http://www.gnu.org/philosophy/stallman-mec-india.html},
  urldate = {2013-02-18}
}

@BOOK{Suchomski2011a,
  author = {Bernd Suchomski},
  title = {Proprietäres Patentrecht beim Einsatz von Open Source Software. Eine
	rechtliche Analyse aus unternehmerischer Sicht},
  address = {Bonn},
  year = {2011},
  shorttitle = {Proprietäres Patentrecht beim Einsatz von Open Source Software, 2011},
  number = {3},
  series = {Medien Internet und Recht},
  publisher = {Tgramedia},
  isbn = {978-3-941192-03-4},
  annote = {This book analyzes the meaning of 'gaining' and 'losing' a patent
	based on OSS: Firstly (in Germany) patents can be registers on the
	base of OSS. But mostly it's difficult to prevent their registration
	with a reference to an already existing OS software. Secondly in
	general a company distributes the right to use its' patents with
	distributing the OSS: In case of Non-Copyleft software the right
	is granted implicitly by granting the right to use the software.
	In case of copyleft software the patent must also be given free because
	of the obligation to publish the changings. And in case of OSS patent
	clauses all this is done explicitly.},
  language = {german},
  note = {Print},
  owner = {reincke},
  timestamp = {2012.02.21}
}

@BOOK{Taubert2006a,
  author = {Niels C. Taubert},
  title = {Produktive Anarchie? Netzwerke freier Softwareentwicklung},
  address = {Bielefeld},
  year = {2006},
  shorttitle = {Produktive Anarchie, 2006},
  series = {Science Studies},
  publisher = {transcript},
  isbn = {3-89942-418-2},
  annote = {This sociological book analyzes, in which sense the idea of 'Open
	Source' or 'Free Software' determines also the style of a cooperating
	elaboration. Roughly spoken this kind of collaboration must rather
	be characterized by argueing and making compromises than being determined
	by external decisions.},
  language = {german},
  note = {Print},
  owner = {reincke},
  timestamp = {2011.07.01}
}

@BOOK{Viesel2006a,
  author = {Edward Viesel},
  title = {Freiheit statt Freibier. Geschichte und Praxis der freien digitalen
	Welt - mit einer Einführung in Linux},
  address = {Münster},
  year = {2006},
  shorttitle = {Freiheit statt Freibier. Geschichte und Praxis der freien digitalen
	Welt. 2006},
  publisher = {Unrast-Verlag},
  isbn = {3-897771-450-7},
  annote = {One half of the book introduces into GNU/Linux, nearly a quarty into
	DRM, formats, and linked collaborative projects. And the first quarter
	summarizes the history of Open Source and some ideas of OS licenses.},
  language = {german},
  note = {Print},
  owner = {reincke},
  timestamp = {2011.10.07}
}

@BOOK{Widmer2003a,
  author = {Mike J. Widmer},
  title = {Open Source Software - Urheberrechtliche Aspekte freier Software},
  address = {Bern},
  year = {2003},
  shorttitle = {Open Source Software - Urheberrechtliche Aspekte freier Software,
	2003},
  titleaddon = {Dissertation},
  publisher = {Stämpfli Verlag},
  annote = {The book explains concepts of Open Source movement and its history
	competently. It also describes 'Non Copyleft Licenses', 'Copyleft
	Licenses' and other forms like proprietary or commercial licenses
	etc. Then it analyzes systematical connections between Open Source
	Software and the (Europaen/Swiss) 'Urheberrecht' (Copyright). And
	finally it analyzes - clause by clause - the links from the GPL into
	the 'Urheberrecht' and vice versa.},
  comment = {[Präsenz FaM Bibliothek Recht und Wirtschaft 05/PU 2670 W641]},
  language = {german},
  note = {Print},
  owner = {reincke},
  timestamp = {2011.08.01}
}

@MISC{wpMspl2013a,
  author = {{Wikipedia (de)}},
  title = {Microsoft Public License},
  year = {2013 [n.y.]},
  shorttitle = {Microsoft Public License, 2013},
  address = {n.l},
  annote = {German explanation of the MS-PL which erroneously says that the Microsft
	Public license evokes a weak copyleft effect.},
  language = {german},
  note = {FreeWeb/HTML},
  owner = {reincke},
  timestamp = {2013.02.26},
  url = {http://de.wikipedia.org/wiki/Microsoft_Public_License},
  urldate = {2013-02-26}
}

@MISC{wpMsrl2013a,
  author = {{Wikipedia (de)}},
  title = {Microsoft Reciprocal License},
  year = {2013 [n.y.]},
  shorttitle = {Microsoft Public License, 2013},
  address = {n.l},
  annote = {German explanation of the MS-RL which correctly describe its weak
	copyleft effect.},
  language = {german},
  note = {FreeWeb/HTML},
  owner = {reincke},
  timestamp = {2013.02.26},
  url = {http://de.wikipedia.org/wiki/Ms-RL},
  urldate = {2013-02-26}
}

@MISC{wpCopyleft2013a,
  author = {{Wikipedia (en)}},
  title = {Copyleft},
  year = {2013 [n.y.]},
  shorttitle = {Copyleft, 2013},
  address = {n.l.},
  annote = {Describes and deliniates strong and weak copyleft},
  language = {english},
  note = {FreeWeb/HTML},
  owner = {reincke},
  timestamp = {2013.02.02},
  url = {http://en.wikipedia.org/wiki/Copyleft},
  urldate = {2013-02-02}
}

@MISC{wpMsSharedSources2013a,
  author = {{Wikipedia (en)}},
  title = {Shared source},
  year = {2013 [n.y.]},
  shorttitle = {Shared source, 2013},
  address = {n.l},
  annote = {Brief summary of the different license models of Microsoft which
	also explains the difference between the permissive license MS-PL
	and the weak copyleft license MS-RL.},
  language = {english},
  note = {FreeWeb/HTML},
  owner = {reincke},
  timestamp = {2013.02.26},
  url = {http://en.wikipedia.org/wiki/Shared_source},
  urldate = {2013-02-26}
}

@MISC{wpPermLic2013a,
  author = {{Wikipedia (en)}},
  title = {Permissive free software licence},
  year = {2013 [n.y.]},
  shorttitle = {Permissive free software licence, 2013},
  address = {n.l.},
  annote = {May be read as an example for the use of the concept 'permissive
	free software licenses'.},
  language = {english},
  note = {FreeWeb/HTML},
  owner = {reincke},
  timestamp = {2013.02.02},
  url = {http://en.wikipedia.org/wiki/Permissive_free_software_licence},
  urldate = {2013-02-02}
}

@MISC{wpFloss2011a,
  author = {{Wikipedia (en)}},
  title = {Free and open source software},
  year = {2011},
  shorttitle = {Free and open source software, 2011},
  address = {n.l.},
  annote = {Illuminates the attempt to (re-)amalgamate the split Free Software
	movement and Open Source movement at least on the level of meta-concepts
	by simply linking the majuskels of Free, Libre, Open, Source, Software
	as hybrid concepts. 'Libre' is introduced to resolve the ambiguity
	of 'free' in the sense of 'freedom'.},
  language = {english},
  note = {FreeWeb/HTML (German Version unter http://de.wikipedia.org/wiki/FLOSS)},
  owner = {reincke},
  timestamp = {2011.09.08},
  url = {http://en.wikipedia.org/wiki/Free_and_open_source_software},
  urldate = {2011-09-08}
}

@MISC{wpMitLic2011a,
  author = {{Wikipedia (en)}},
  title = {MIT License},
  year = {2011},
  shorttitle = {MIT License, 2011},
  address = {n.l},
  annote = {The article explains clearly that there doesn't exist one single
	MIT-License: one must distinguish between the simpler MIT-expat-License
	and the more complex MIT-X11-License. But basically the two license
	denote the same license class. They protect the developer, not the
	code.},
  language = {english},
  note = {FreeWeb/HTML},
  owner = {reincke},
  timestamp = {2011.09.20},
  url = {http://en.wikipedia.org/wiki/MIT_License},
  urldate = {2011-09-20}
}

@BOOK{Williams2002a,
  author = {Sam Williams},
  title = {Free as in Freedom. Richard Stallman's Crusade for Free Software},
  address = {Beijing [... etc.]},
  year = {2002},
  shorttitle = {Free as in Freedom. Richard Stallman's Crusade for Free Software,
	2002},
  publisher = {O'Reilly},
  isbn = {0-596-00287-4},
  annote = {This is the first(?) biography of RMS. It contains so many interviews
	and background information that it might be read as primary source,
	not only for the history of RMS, but also for the history of the
	Free Software movement and its internal counterpart, the Open Source
	movement.},
  language = {english},
  note = {Print},
  owner = {reincke},
  timestamp = {2011.09.08}
}

@PROCEEDINGS{AscBauMitSee2008a,
  title = {Open Source. Kommerzialisierungsmöglichkeiten und Chancen für die
	Zusammenarbeit von Hochschulen und Unternehmen},
  year = {2008},
  shorttitle = {Open Source. Kommerzialisierungsmöglichkeiten und Chancen für die
	Zusammenarbeit von Hochschulen und Unternehmen, 2008},
  booktitle = {Open Source. Kommerzialisierungsmöglichkeiten und Chancen für die
	Zusammenarbeit von Hochschulen und Unternehmen},
  editor = {Michael Asche and Wilhelm Bauhaus and Ernest Mitschke and Bern Seel},
  number = {3},
  series = {POWeR / Patent Offensive Westfalen Ruhr},
  address = {Münster, New York, München [... etc.]},
  publisher = {Waxmann},
  isbn = {978-3-8309-1845-5},
  annote = {This collection focuses on patents and Open Source Software as a
	challenge for innovative universities. It offers articles analyzing
	different aspects of this topic.},
  language = {german},
  note = {Print},
  owner = {reincke},
  timestamp = {2011.08.16}
}

@PROCEEDINGS{BolCroLunWas2009a,
  title = {Open Source Ecosystems: Diverse Communities Interaction},
  year = {2009},
  shorttitle = {Open Source Ecosystems, 2009},
  titleaddon = {5th IFIP WG 2.13 International Conference on Open Source Systems,
	OSS 2009 Skövde, Sweden, June 3-6, 2009},
  booktitle = {Open Source Ecosystems: Diverse Communities Interaction},
  editor = {Cornelia Boldyreff and Kevin Crowston and Björn Lundell and Anthony
	I. Wassermann},
  address = {Berlin, Heidelberg and New York},
  publisher = {Springer},
  isbn = {978-3-642-02031-5},
  annote = {Proceedings. Relevant articles are itemized explicitly.},
  language = {german},
  note = {BibWeb/PDF},
  owner = {reincke},
  timestamp = {2011.08.02}
}

@PROCEEDINGS{DjoGehGraKreSpi2008a,
  title = {Urheberrecht im Alltag. Kopieren, bearbeiten, selber machen},
  year = {2008},
  shorttitle = {Urheberrecht im Alltag, 2008},
  booktitle = {Urheberrecht im Alltag. Kopieren, bearbeiten, selber machen},
  editor = {Valle Djordjevic and Robert A. Gehring and Volker Grassmuck and Till
	Kreutzer and Mathias Spiegelkamp},
  address = {Bonn},
  publisher = {Bundeszentrale für politische Bildung},
  isbn = {978-3-89331-812-4},
  annote = {German written collection of articles which describe aspects of the
	copy right in the internet. It is not focused on 'Open Source' but
	on the copy of electronical goods in general. Nevertheless the book
	mentions the topics '(Open Source) software', 'free culture' and
	'creative commons (licences)'.},
  language = {german},
  note = {Print},
  owner = {reincke},
  timestamp = {2011.03.16}
}

@PROCEEDINGS{DroKrePol2006a,
  title = {Die wunderbare Wissensvermehrung. Wie Open Innovation unsere Welt
	revolutioniert},
  year = {2006},
  shorttitle = {Die wunderbare Wissensvermehrung, 2006},
  booktitle = {Die wunderbare Wissensvermehrung. Wie Open Innovation unsere Welt
	revolutioniert},
  editor = {Olga Drossou and Stefan Krempl and Andreas Poltmann},
  series = {Telepolis},
  address = {Hannover},
  publisher = {Heise},
  isbn = {3-936931-38-0},
  annote = {A collection of articles which highlight the necessity of a free
	exchange for innovation emphaticly.},
  language = {german},
  note = {Print},
  owner = {reincke},
  timestamp = {2011.07.30}
}

@PROCEEDINGS{GehLut2004a,
  title = {Open Source Jahrbuch 2004. Zwischen Softwareentwicklung und Gesellschaftsmodell},
  year = {2004},
  shorttitle = {Open Source Jahrbuch, 2004},
  booktitle = {Open Source Jahrbuch 2004. Zwischen Softwareentwicklung und Gesellschaftsmodell},
  editor = {Robert A. Gehring and Bernd Lutterbeck},
  address = {Berlin},
  publisher = {Lehmanns Media},
  isbn = {3-936427-78-X},
  annote = {First volume of the famous German written row 'Open Source Annual'.
	Offers articles on heterogeneous aspects of Open Source Software.},
  language = {german},
  note = {Print \& FreeWeb/PDF},
  owner = {reincke},
  timestamp = {2011.05.02},
  url = {http:// www. opensourcejahrbuch. de /download/ jb2004/ Open Source Jahrbuch 2004.pdf},
  urldate = {2011-08-29}
}

@PROCEEDINGS{VdBCouJae2011a,
  title = {The International Free and Open Source Software Law Book},
  year = {2011},
  shorttitle = {The International Free and Open Source Software Law Book, 2011},
  editor = {Ywain {Van den Brande} and Shane Coughlan and Till Jaeger},
  address = {Munich (Germany)},
  publisher = {Open Source Press},
  isbn = {978-3-941841-49-9},
  annote = {Beside a very short historical introduction this book contains legal
	descriptions of the Open Source context and interpretation in different
	European countries.},
  language = {english},
  note = {Print},
  owner = {reincke},
  timestamp = {2012.02.22}
}

@comment{jabref-meta: selector_publisher:}

@comment{jabref-meta: selector_author:}

@comment{jabref-meta: selector_journal:}

@comment{jabref-meta: selector_keywords:}

